3098 4908
743 245 779 316 15

662 340 864 353 Ἥ

196 465 260 531 hoo
281 463 316 530 in
338 483 374 528 re
398 461 665 572 consentiuntji).
697 463 850 547 Tempus,
875 482 939 546 quo
962 460 1043 526 hoec
1065 460 1188 526 scholia
1210 462 1332 545 scripta

197 582 257 643 sut
279 583 317 642 ui
338 577 451 642 muli-m
467 573 648 660 composita
662 597 701 642 ac
717 575 855 640 collecta
870 581 960 654 sunt,
985 595 1058 639 oum
1074 573 1212 639 Theonis
1227 574 1331 640 nostri

197 694 306 756 seinte
328 688 411 754 bone
435 691 593 755 convenit.
632 689 789 772 Epilogus
806 689 900 768 enim,
921 688 956 751 in
971 707 1035 770 quo
1050 686 1332 771 praestantissima

197 808 326 870 tantum
357 808 390 868 et
418 801 461 867 cd
491 801 586 867 Arati
614 801 841 868 Phaenomene
870 800 1083 884 intelligendo
1111 800 1249 864 maximo
1276 819 1332 864 ne·

198 915 340 982 cessaria
356 915 447 982 dictu
463 935 533 980 esso
548 919 664 980 auctor
678 918 835 996 testatur,
857 913 983 980 Iuliano
998 914 1190 999 imperatori
1204 912 1330 979 dionius

196 1033 264 1110 esi,
295 1049 391 1112 quem
421 1049 506 1092 suno
536 1031 598 1092 363
627 1031 791 1092 mortuum
821 1047 891 1092 esso
922 1032 1068 1108 constat,
1098 1046 1163 1110 quo
1184 1030 1331 1110 tompore

197 1141 360 1206 Thoonem
387 1140 505 1206 studiis
537 1140 750 1224 doctrinaque
773 1141 838 1206 iarn
861 1139 959 1205 fuisse
981 1145 1144 1205 maturum
1165 1158 1265 1221 supro
1286 1137 1331 1202 ri·

197 1252 303 1319 dimus
314 1255 365 1339 24).
402 1253 582 1319 Kuesherus
602 1259 713 1318 tamen
734 1251 882 1319 ad‘suio.
899 1251 1022 1318 scholia
1043 1251 1102 1318 illa
1123 1250 1332 1317 attribuenda

196 1370 308 1432 oensot
330 1366 453 1433 Thooni
475 1367 810 1450 progymnasmatioo,
839 1386 944 1448 neque
966 1365 1067 1431 ullam
1089 1365 1184 1430 huius
1206 1365 1332 1431 coniec-

199 1484 296 1545 turae
318 1477 413 1546 afferi
436 1499 577 1545 causam.

261 1593 310 1659 Do
333 1594 450 1659 ceteris
472 1592 638 1678 operibus,
666 1613 805 1676 quorum
833 1591 949 1658 Suidas
976 1590 1072 1657 affort
1093 1590 1218 1668 titulos,
1241 1589 1331 1655 nullo

198 1704 286 1790 apud
301 1710 428 1772 veteres
442 1710 572 1770 exstant
587 1706 783 1771 testimonia.
814 1702 1038 1788 Geographioe
1055 1722 1182 1786 quoque
1197 1721 1331 1788 operam

195 1839 331 1884 navasse
356 1818 519 1886 Thoonem
551 1819 660 1884 neseio
694 1817 780 1882 unde
811 1818 976 1901 cognitum
1005 1816 1125 1900 habeat
1147 1815 1329 1900 Klippelius

199 1931 296 2016 (uter.
319 1929 404 2013 ffiiui.
426 1951 500 2014 pag.
525 1932 602 2016 345)
638 1950 843 2012 erroremque
866 1929 981 2014 opinor
1003 1929 1200 1994 commisisse
1225 1926 1330 2009 illum,

198 2041 286 2124 quod
308 2043 469 2108 Thoonem
491 2043 673 2109 confuderit
702 2063 775 2109 oum
797 2043 927 2127 Pappo,
958 2063 1053 2125 quem
1076 2061 1176 2125 opero
1203 2060 1330 2126 compo-

196 2155 300 2219 suisse
323 2154 539 2239 geographica
560 2156 657 2222 iestis
680 2161 730 2222 esi
753 2155 880 2222 Suidus.

261 2266 291 2331 A
312 2267 485 2350 Brunckio‚
508 2269 682 2352 Antholog.
706 2269 739 2334 Π
760 2290 813 2353 pg.
838 2273 917 2350 505,
945 2267 1003 2332 III.
1019 2289 1073 2353 pg.
1089 2273 1110 2333 4
1125 2289 1172 2352 sq.
1189 2272 1331 2351 quatuor
1429 2286 1432 2292 ·

198 2378 405 2446 vindicantur
427 2381 550 2447 Theoni
572 2382 731 2463 carmina,
759 2401 843 2465 quae
866 2381 978 2447 oriiioe
1001 2385 1035 2446 ot
1057 2381 1267 2464 grammatice
1289 2379 1330 2446 ab

197 2491 254 2557 illo
278 2493 442 2576 explicata
464 2495 595 2559 suntin
617 2495 707 2560 Loci.
730 2515 783 2578 pg.
808 2498 870 2559 219
894 2515 942 2578 sq.
966 2500 999 2559 et
1022 2497 1094 2558 237.
1128 2493 1230 2560 Venio
1245 2513 1331 2559 nunc

198 2604 241 2669 ad
262 2605 414 2688 quintum
436 2605 599 2672 Thoonem
621 2627 641 2671 a
664 2605 764 2672 Suida
787 2609 1086 2688 commemoratum,
1109 2604 1149 2671 de
1167 2626 1232 2689 quo
1251 2604 1331 2672 haee

197 2715 252 2783 ille
274 2717 436 2802 prodidit:

262 2835 291 2896 5.
315 2826 420 2896 Θέων
439 2825 738 2919 Ἀλεξανδρειὶς,
761 2825 962 2920 σοφιστής,
978 2826 1015 2908 ὃς
1030 2825 1244 2920 ἐχρημάτισεν
1258 2831 1331 2895 Αἲ-

197 2940 297 3019 icoc.
322 2936 449 3033 ἔγραψε
466 2939 596 3032 Τέχνην,
619 2926 706 3033 ΠερὶΙ
727 2940 1044 3032 Προγνμνασμάτων,
1064 2937 1261 3032 Ὺπόμνημα
1283 2941 1332 3019 εἰς

199 3054 402 3144 Ξενοφῶντα,
427 3054 477 3134 εἰς
507 3056 564 3122 τὸν
589 3053 785 3146 Ἰσοκράτην,
815 3055 864 3134 εἰς
893 3052 1115 3145 Δημοσθένην,
1143 3055 1334 3145 Ῥηιορικάς

198 3163 392 3252 ὑποθέσεις,
421 3170 475 3237 καὶ
505 3166 683 3260 Ζηῑήματα
711 3172 790 3260 περὶ
818 3165 998 3252 συντάξεως
1025 3164 1138 3255 λόγου,
1166 3169 1221 3236 καὶ
1249 3164 1332 3234 ἄλλα

197 3281 331 3348 πλείονα
341 3284 392 3370 ²⁵).

252 3552 284 3621 ²³)
304 3551 357 3607 Ofr.
372 3553 495 3623 Klippel,
512 3553 579 3620 iiior.
593 3554 665 3623 utos.
681 3572 728 3625 pg.
744 3553 802 3608 382.
817 3585 852 3594 -
866 3554 993 3624 Parthey‚
1009 3554 1076 3622 utos.
1086 3553 1156 3614 nius
1173 3569 1217 3623 pg.
1230 3552 1286 3607 183.
1296 3584 1331 3629 χ-

198 3643 341 3701 Groefenh.
358 3647 398 3702 111
415 3664 460 3717 pg.
479 3649 538 3718 310,
556 3648 603 3704 ubi
620 3649 783 3704 scholiorum
801 3650 894 3705 videos
912 3649 1050 3704 editiones.

250 3742 283 3811 ²⁴)
302 3741 356 3796 Cir.
365 3743 461 3810 Buhle,
470 3742 549 3798 Arcti
558 3743 703 3800 Phaenom.
716 3761 738 3802 c.
748 3745 869 3800 Theonis
882 3744 1047 3814 aliorumque
1060 3743 1177 3804 scholiis,
1189 3745 1209 3798 1.
1219 3760 1265 3814 pg.
1279 3743 1331 3799 254

198 3841 225 3889 ot
242 3835 301 3891 374.
318 3837 393 3908 Lips.
414 3839 488 3893 1793.
509 3840 583 3894 1801.

249 3931 282 4001 ²³)
301 3931 355 3987 cu.
365 3933 470 3989 Febris.
482 3933 545 3990 bibl.
560 3950 599 4003 gr.
609 3935 655 3990 VI.
665 3935 697 3988 97
709 3950 766 4005 sqq.
776 3965 810 3976 -
820 3935 963 3991 Gruefenh.
973 3936 1021 3992 III.
1030 3952 1075 4006 pg.
1087 3937 1143 3990 144.
1154 3935 1211 3990 147.
1224 3935 1282 3989 162.
1296 3965 1330 3976 —-

197 4025 397 4084 Westermenn.
411 4028 495 4098 (heiti).
509 4029 531 4084 b.
545 4029 656 4098 heristi.
671 4031 685 4084 1
699 4047 744 4100 pg.
762 4029 819 4084 233
838 4037 887 4086 not
905 4031 1018 4099 17-20,
1038 4032 1085 4087 ubi
1105 4031 1196 4088 variae
1210 4030 1332 4085 Theonis

197 4137 337 4193 progymm
360 4123 494 4180 editiones
516 4123 673 4192 camerarii,
698 4125 815 4192 Heinsii,
833 4126 976 4196 Sohefferi‚
987 4128 1086 4183 Wulzii
1103 4129 1131 4182 in
1150 4127 1232 4182 Rheu
1250 4143 1290 4196 gr.
1309 4125 1330 4181 I.

196 4233 223 4286 p.
242 4217 387 4274 145-257
406 4217 564 4274 affemntur.
581 4249 616 4262 -
638 4220 780 4290 Fritsohii,
803 4221 950 4278 commenti
968 4222 1002 4277 dc
1019 4223 1223 4294 originesque
1240 4221 1332 4278 indole

197 4325 336 4382 progymn.
354 4313 480 4370 rhetoric.
500 4314 635 4372 Grimmue
655 4315 728 4371 1839.
