3098 4908
725 239 755 314 ll

171 460 338 549 dialogum
369 463 623 526 commentatum
663 477 733 528 esse
762 460 926 528 Tbeonem
960 459 1103 546 dataque
1140 462 1310 532 occasione

172 571 297 658 aliquid
318 572 494 657 protulisse
522 571 563 638 de
589 571 721 640 illorum
752 573 855 658 stirpe
883 572 1030 640 conicere
1051 572 1173 642 malim.
1219 576 1310 656 Quae

173 687 362 754 coniectura
384 705 422 752 eo
447 682 672 768 confirmatur,
702 685 791 770 quod
812 686 883 770 ipse
905 684 1033 768 Theon,
1061 692 1100 754 ut
1122 707 1222 773 snpra
1242 689 1310 756 iam

172 799 328 878 vidimus,
361 799 612 864 commentarios
640 818 675 865 se
704 799 874 884 scripsisse
902 798 1076 882 profitetur
1102 800 1137 866 iu
1162 800 1309 870 Platonis

172 913 273 979 libres
302 910 343 977 de
366 909 562 995 Republica,
586 916 686 995 atque
708 909 998 993 Mouteialconius,
1019 910 1098 978 bibl.
1120 909 1199 978 bibl.
1230 931 1307 980 mss.

173 1046 257 1091 nova
285 1024 377 1109 ng.
401 1026 481 1106 476,
513 1024 548 1088 in
581 1022 779 1090 bibliotheca
801 1021 914 1091 Venet
936 1024 1010 1090 Divi
1032 1021 1137 1092 Marci
1156 1025 1310 1094 (iudicem

173 1137 287 1204 laudat
308 1135 448 1202 Theonis
472 1135 640 1220 Smyrnaei
668 1137 702 1202 in
724 1137 895 1204 Platonem
923 1135 963 1204 de
989 1138 1145 1206 materiis.
1189 1135 1309 1206 Utrum

172 1271 249 1316 vero
263 1249 411 1316 Platonis
428 1248 689 1333 Theologumena
704 1248 828 1315 Theoni
848 1247 913 1316 Sm.
931 1248 1106 1316 tribuenda
1128 1249 1203 1334 sint,
1225 1270 1310 1336 quae

173 1360 288 1430 eodem
311 1359 431 1443 codice,
454 1361 488 1426 in
504 1382 568 1445 quo
589 1361 734 1429 inessent
748 1361 888 1428 Theonis
904 1361 1140 1430 Mathematica
1153 1362 1310 1446 Platonis,

174 1474 406 1562 comprehensa
433 1469 468 1538 in
491 1473 650 1558 catalogo
675 1472 892 1542 bibliothecae
923 1473 1092 1541 uniendam
1113 1473 1248 1542 Italicae
1275 1496 1311 1542 se

173 1589 333 1654 invenisse
356 1585 584 1672 Gessnerus¹⁵l
606 1589 765 1668 astatur,
795 1583 838 1653 ab
867 1585 1016 1684 omnihus
1043 1586 1079 1654 in
1100 1584 1235 1655 dubium
1256 1609 1310 1656 vo·

173 1705 277 1766 catur.
321 1699 509 1779 Fabricius,
530 1697 609 1765 bibl.
633 1719 680 1784 gr.
702 1698 750 1766 IV
772 1701 813 1764 36
836 1719 900 1784 sq.,
922 1699 1008 1766 hunc
1030 1699 1150 1767 librum
1172 1701 1310 1769 eundem

131 1817 136 1826 '
172 1833 243 1880 esse
273 1812 458 1898 suspicatus
487 1815 666 1896 astatque
696 1831 785 1895 eum,
809 1831 907 1897 quem
933 1811 1089 1880 edidisset
1111 1813 1306 1898 Weohelius‚

171 1925 306 1992 Parisiis
325 1929 406 1990 1543
430 1930 463 1991 et
484 1923 600 1991 exinde
615 1925 728 1992 Aetius
750 1925 846 1992 simul
863 1945 937 1991 cum
951 1925 1142 1993 Nicomachi
1166 1927 1308 2012 scriptis,

173 2039 261 2122 Lips.
288 2041 384 2118 18173
407 2038 498 2104 cuim
518 2036 596 2103 libri
616 2058 670 2122 pg,
697 2040 757 2107 157
780 2038 893 2105 Astins
914 2036 1046 2104 uberius
1068 2038 1109 2105 de
1131 2038 1311 2124 Theologu-

172 2169 342 2217 menorum
364 2154 498 2218 auctore
520 2149 710 2234 disputavit.
763 2148 926 2215 Martinus
954 2169 1007 2233 pg.
1031 2151 1071 2214 23
1094 2149 1309 2236 probabiliter

175 2261 237 2329 sub
260 2261 348 2330 dicto
371 2262 470 2328 titulo
492 2262 597 2329 latere
619 2262 739 2329 conicit
760 2261 882 2346 Procli,
912 2283 977 2328 nou
1000 2262 1139 2329 Theonis
1166 2284 1247 2348 opus
1269 2263 1310 2329 de

174 2375 321 2442 Platonis
343 2375 516 2461 theologia,
540 2373 742 2459 similemque
764 2373 821 2440 illo
843 2375 878 2440 in
894 2374 1004 2440 cadim
1019 2376 1224 2441 commissum
1240 2396 1310 2442 esse

175 2508 318 2553 errorem
345 2493 444 2572 atque
473 2488 508 2552 in
528 2471 607 2554 bibl.
629 2507 696 2572 reg.
720 2486 791 2554 cod.
817 2491 918 2574 1818,
945 2487 1007 2554 hoc
1035 2488 1120 2553 enim
1141 2487 1177 2553 in
1199 2487 1310 2554 codice

173 2605 249 2667 ante
267 2600 407 2667 Theonis
429 2599 470 2666 de
491 2600 541 2681 iis,
565 2620 648 2684 quae
670 2599 705 2665 in
717 2599 955 2666 mathematicis
976 2599 1019 2665 ad
1033 2599 1179 2667 Platonis
1200 2599 1311 2666 lectio·

174 2733 247 2778 nem
262 2695 458 2794 utilia'eunt,
474 2731 556 2798 opus
570 2711 713 2798 positum
727 2712 870 2778 invenies
884 2713 953 2778 sine
968 2711 1065 2778 titulo
1080 2711 1188 2778 Procli
1203 2711 1311 2795 operis

174 2824 214 2892 de
229 2824 376 2892 Platonis
391 2823 556 2908 theologia
570 2824 724 2890 mutilum
738 2824 913 2909 exemplar,
937 2824 990 2890 oni
1008 2845 1108 2890 manu
1128 2823 1310 2890 recentiore

174 2937 255 3004 haec
277 2935 423 3023 praefixa
445 2942 521 3004 sunt
547 2935 663 3004 verba:
696 2927 801 3018 Οἶμαι
823 2935 948 3015 Θέωνος
969 2927 1061 3003 εἶναι.
1105 2936 1311 3022 Quapropter

175 3050 299 3117 Theoni
323 3049 387 3116 Sin.
411 3071 493 3136 opus
515 3050 555 3117 de
577 3049 725 3118 Platonis
756 3050 921 3137 theologia
942 3050 1162 3136 conscriptum
1184 3047 1311 3116 abiudi-

175 3162 315 3229 candum
337 3167 396 3230 est.

240 3276 292 3342 Ex
312 3276 363 3358 iis,
386 3297 471 3364 quae
493 3275 645 3344 brevibus
667 3275 847 3361 disputavi,
869 3279 951 3343 satis
972 3278 1038 3342 ianr
1060 3277 1218 3361 quantum
1239 3273 1311 3341 fieri

175 3390 280 3475 possit
307 3394 387 3474 poto
416 3407 589 3474 apparere,
627 3389 708 3474 quid
736 3388 776 3455 de
805 3389 939 3456 Theona
965 3389 1143 3474 Smyrnaeo
1175 3387 1311 3471 eiusque

175 3502 308 3587 seriptis
330 3503 373 3568 sit
394 3500 613 3569 iudicandum.
654 3502 812 3569 'Platonis
839 3500 1072 3586 interpretibus
1095 3501 1311 3567 adnumeran-

176 3613 236 3682 dus
259 3620 318 3697 est,
341 3619 374 3682 et
395 3614 444 3682 ita
465 3614 596 3698 quidem
616 3615 710 3682 illum
732 3620 969 3682 commentatus
991 3619 1056 3695 est,
1085 3618 1124 3680 ut
1145 3613 1250 3679 virum
1270 3612 1310 3678 il-

176 3727 244 3793 lum
265 3726 365 3795 firsse
387 3747 520 3794 censeas
540 3727 638 3793 rebus
659 3727 898 3795 mathematicis
926 3732 960 3793 et
981 3725 1206 3793 astronomicis
1227 3723 1310 3790 bene

177 3839 349 3907 eruditum.
394 3839 488 3919 Quod
509 3845 619 3907 autem
634 3840 836 3923 Plutarchus,
860 3839 952 3907 cuius
974 3839 1120 3924 aequalis
1142 3857 1180 3904 ac
1203 3838 1309 3904 socius

176 3951 231 4018 ille
254 3958 303 4019 est
317 3952 495 4036 habendus,
518 3952 765 4038 grammaticum
787 3951 880 4020 illurn
899 3951 1053 4039 appellat,
1076 3953 1125 4018 ita
1147 3949 1310 4036 explican-

181 4165 386 4177 -σ--ο-ι

230 4307 264 4374 ¹³)
283 4305 337 4363 Otr.
349 4307 475 4364 Gessner.
492 4306 657 4366 bibliotheca
673 4311 752 4364 auru
763 4319 813 4379 per
823 4306 972 4374 Simiemm,
990 4323 1017 4376 p.
1027 4308 1086 4361 654.
1100 4305 1223 4374 Tigrnini
1235 4305 1309 4360 1574.

1117 4409 1134 4462 2
1141 4409 1155 4440 b
