3098 4908
688 217 731 290 47

139 435 271 519 reliqua
292 432 449 500 Nicandri
471 434 616 500 carmina
641 454 706 500 non
727 431 862 518 indigna
882 433 1033 500 habuisse
1055 435 1172 518 videri,
1195 456 1279 520 qnae

140 548 375 614 commentario
396 546 593 628 illustraret,
616 553 649 612 et
669 547 743 626 hinc
764 547 914 614 fortassis
928 546 1070 631 pendere
1085 552 1194 614 textus
1210 569 1280 616 cor-

139 663 329 746 ruptionem
359 661 393 724 in
415 659 696 744 Alexipharmacis
719 660 875 726 maiorem
898 662 998 726 atiani
1021 681 1118 744 quam
1140 661 1175 728 in
1196 661 1280 727 The·

138 775 252 840 riacis.
296 773 453 840 Nicandri
482 794 558 838 vero
587 773 799 859 interpretem
826 795 846 840 a
875 776 1087 859 grammatico
1116 796 1181 843 non
1210 795 1280 842 esse

140 887 306 953 diversum
328 891 362 952 et
383 885 619 952 Bussemakero
636 891 669 952 et
683 886 763 952 mihi
777 886 947 971 probabile
962 887 1090 954 videtur
1105 894 1280 974 propterea

140 1001 232 1085 quod
254 999 341 1086 apud
364 1000 475 1084 Steph.
497 1000 535 1064 B.
558 1000 579 1064 l.
602 1000 623 1063 l.
648 998 760 1066 Theon
780 1001 867 1066 inter
889 1001 1116 1084 explanatores
1137 1003 1279 1087 primum

138 1116 251 1179 locum
273 1112 417 1190 obtinet,
439 1119 477 1178 ut
500 1113 646 1178 conicere
666 1112 786 1196 possis,
811 1112 973 1180 Theonem
987 1112 1163 1182 Plutarcho
1180 1120 1279 1199 atque

140 1227 310 1292 Demetrio
328 1225 446 1292 Chloro
463 1227 679 1309 antiquiorem
699 1225 815 1307 fuisse3
838 1248 913 1292 nam
935 1227 992 1292 illo
1015 1226 1086 1293 loco
1107 1249 1279 1312 perperam
1313 1311 1317 1320 ὁ

141 1339 294 1406 additum
310 1360 381 1404 esse
397 1359 575 1422 cognomen
595 1339 762 1422 Phalerei,
785 1341 941 1425 temporis
957 1343 1158 1425 computatio
1174 1341 1279 1424 docet,

141 1454 223 1538 quia
245 1453 431 1518 Demetrius
451 1452 579 1518 Phaler.
618 1453 784 1519 Nicandro
799 1454 895 1537 longe
911 1455 1076 1537 antiquior
1091 1459 1157 1536 est,
1178 1477 1280 1540 quare

140 1567 316 1650 legendum
327 1570 408 1651 puto
420 1565 619 1632 Meinekium
630 1573 758 1632 secutus
769 1561 957 1656 Δημήτριος
968 1565 986 1632 ὁ
997 1560 1144 1655 Χλαιρός,
1160 1570 1217 1652 qui
1228 1574 1281 1634 ter

134 1669 179 1744 'in
202 1679 332 1745 scholiis
356 1678 502 1744 Theriac.
525 1679 613 1765 (377.
630 1682 807 1765 541.,585.)
825 1681 956 1746 citatur.
986 1679 1156 1747 Wartonio
1169 1686 1280 1747 autem

143 1794 179 1858 in
201 1794 319 1860 notitia
342 1793 381 1859 de
405 1794 503 1860 schol.
528 1793 662 1859 Theocr.
685 1813 739 1877 pg.
761 1793 815 1857 XI.
832 1793 920 1878 apud
935 1793 1142 1861 Duebnerum
1158 1795 1279 1877 Theon,

144 1906 302 1972 Nicandri
323 1907 498 1991 interpres,
521 1907 665 1972 medicus
685 1928 750 1972 non
772 1909 1003 1991 grammaticus
1022 1895 1119 1973 fuisse
1134 1907 1280 1989 videtur3

145 2019 203 2084 sed
235 2023 324 2086 recto
357 2019 613 2085 Bussemaherus
642 2040 708 2085 non
735 2020 919 2086 mirandum
949 2020 1044 2102 dicit,
1078 2019 1280 2086 Nicandrum

145 2129 304 2198 ε’παποιὸν
325 2128 520 2221 φιλάρχαιον
538 2132 595 2198 καὶ
617 2131 797 2220 πολυμαθῆ
813 2133 943 2220 (Athen.
959 2133 1018 2200 111.
1037 2132 1151 2218 126b.)
1174 2155 1280 2218 gram·

146 2248 283 2314 maticos
306 2247 465 2312 excitasse
488 2245 532 2312 ad
548 2246 804 2312 Commentarios
829 2246 1075 2331 componendos.
1113 2246 1279 2313 Hactenus

149 2357 189 2423 de
204 2359 332 2424 Theona
353 2358 510 2425 Nicandri
531 2360 720 2444 interprete.
748 2359 999 2444 Progrediamur
1021 2359 1065 2426 ad
1086 2360 1281 2444 inquirenda

147 2468 347 2556 fragmenta,
372 2493 454 2555 quae
477 2473 616 2539 Theonis
640 2478 772 2540 exstant

211 2584 547 2669 Hypomnematis
569 2586 609 2652 in
631 2586 899 2670 Apollonium
921 2586 1136 2653 Rhodium.
1183 2586 1281 2653 Scho-

145 2697 192 2762 lia
212 2697 247 2762 in
269 2698 418 2783 Apollon.
441 2699 546 2765 Rhod,
562 2700 608 2766 sic
624 2698 808 2784 subscripta
823 2701 874 2766 vel
889 2701 998 2784 potius
1012 2701 1170 2784 iuscripta
1185 2706 1278 2766 sunt:

144 2804 342 2904 παράαεπαι
363 2810 405 2878 cci
426 2807 542 2892 σχόλια
564 2810 599 2879 ἐκ
619 2815 683 2876 τῶν
695 2816 756 2877 τοῦ
769 2811 953 2878 Λουκίλλου
971 2811 1137 2901 Tripheion
1151 2812 1206 2878 καὶ
1220 2817 1280 2878 Σο-

146 2923 302 3012 φοκλέους
322 2924 377 2991 καὶ
400 2925 558 3003 Θέωνος
589 2924 659 3012 (cfr.
683 2925 731 2991 ed.
747 2925 924 2991 Wellaueri
945 2946 998 3010 pg.
1022 2926 1106 2991 XIV.
1131 2926 1279 2993 Merkelii

145 3060 178 3122 p.
193 3036 335 3124 LXVI.),
347 3039 432 3104 unde
444 3039 643 3124 interpolata
658 3060 728 3106 esse
744 3038 866 3104 scholia
880 3039 915 3105 in
933 3039 1098 3123 Aristoph.
1115 3039 1199 3105 Nub.
1217 3044 1278 3106 397

146 3171 258 3217 omnes
281 3153 495 3218 consentiunt.
540 3151 683 3218 Affertur
706 3153 791 3218 enim
819 3151 876 3218 illo
902 3153 937 3218 in
966 3152 1087 3219 scholio
1116 3153 1281 3238 Apollonii

146 3284 280 3331 versus:
300 3257 478 3354 ’Apndocgg
499 3266 535 3329 oi*
544 3264 599 3330 καὶ
614 3258 745 3361 captiosis
760 3264 927 3352 σεληναίης
941 3263 1088 3331 odierna
1104 3266 1173 3352 (IV.
1186 3269 1280 3352 263),

147 3383 246 3460 atque
268 3378 349 3444 haec
370 3378 555 3445 adduntur:
578 3381 674 3443 τοῦτο
695 3376 731 3443 δὲ
750 3370 872 3454 τοῦπος
891 3377 923 3444 οἱ
940 3378 1019 3466 περὶ
1032 3376 1089 3444 τόν
1103 3373 1283 3444 Λούκιλλαν

146 3487 204 3555 cdo
228 3491 404 3579 Ταῤῥαῖαν,
432 3491 487 3556 καὶ
508 3493 702 3580 Σοφοκλεῖον
722 3491 777 3557 καὶ
800 3491 937 3557 Θέωνα
959 3486 1184 3580 ἑρμηνεύοντες
1204 3486 1283 3557 τάδε

148 3602 264 3692 φασίν·
287 3604 330 3671 Oi
349 3598 511 3694 Ἀρκάδες
531 3604 661 3670 δοκοῦσι
682 3603 824 3694 πρὸτῆς
846 3601 978 3694 σελήνης
998 3605 1166 3689 γεγονέναι.
1193 3605 1283 3670 Haec

147 3717 308 3802 interpres
324 3718 458 3801 quidam
473 3719 684 3803 adscripsisse
704 3719 833 3784 videtur
853 3740 929 3786 orae
953 3719 1071 3784 codicis
1094 3720 1144 3784 sui
1165 3718 1284 3784 hausta

148 3851 189 3896 ex
211 3832 409 3898 enarratoris
432 3832 600 3898 cuiusdam
628 3833 793 3917 Apollonii
821 3834 1062 3899 commentario.
1107 3832 1283 3916 Fragmen-

146 3948 219 4008 tum
249 3943 388 4011 Theonis
417 3946 453 4012 in
480 3946 630 4030 Apollon.
659 3946 720 4012 Rh.
750 3947 973 4014 commentarii
994 3967 1060 4012 non
1082 3943 1211 4010 difficile
1234 3948 1285 4010 est

148 4077 323 4140 agnoscere
346 4059 435 4143 apud
457 4104 462 4112 .
695 4036 700 4041 ’

215 4170 325 4255 Steph.
348 4172 387 4237 Β.
409 4192 462 4256 pg.
480 4177 521 4238 34
544 4173 591 4257 (2
606 4192 659 4256 pg.
678 4178 717 4238 78
734 4173 793 4258 M.)
817 4195 842 4238 s.
858 4195 887 4238 v.
896 4166 1004 4249 ’Ἅλις
1017 4165 1114 4250 πόλις
1125 4164 1283 4252 Ἀχαΐας,

146 4283 202 4350 καὶ
225 4278 406 4360 midelton
427 4283 494 4350 ὑπὸ
515 4288 563 4370 τῷ
584 4284 702 4373 πέρατι
719 4290 777 4372 τῆς
788 4279 954 4374 Ὄθρυος.
976 4281 1092 4364 ἀπέχει
1108 4277 1284 4360 δὲ’Ίνωνος
