3098 4908
724 277 766 353 27

170 496 210 576 23
245 491 413 578 Caligulae
440 493 647 580 imperatoris
675 500 821 582 tempore
842 497 1059 567 Alexandriae
1081 505 1228 568 moratus
1250 506 1310 584 est,

169 605 260 672 unde
275 605 413 673 Iudaeos
435 607 645 675 incusatnrus
662 629 838 694 eorumque
861 611 1081 696 expulsionem
1102 612 1311 699 flagitaturus

170 719 303 802 legatus
325 718 368 785 ad
391 719 572 804 Caligulam
602 722 720 788 missus
749 723 859 810 catil)
912 725 1020 803 Quare
1042 725 1310 810 Graefenhanius‚

171 832 233 898 111.
255 851 308 916 pg.
326 836 376 897 62.
400 836 498 916 atque
514 832 677 917 hebreice,
694 835 825 926 Quaest.
842 838 922 921 epic.
939 859 991 922 pg.
1009 842 1038 903 3.
1055 842 1122 904 not.
1145 837 1196 904 bie
1212 839 1311 924 Apio·

171 965 248 1010 nem
264 944 386 1010 Romae
410 944 557 1012 docuisse
579 951 707 1031 putant,
731 947 790 1014 sub
806 948 936 1014 Tiberio
960 955 993 1015 et
1008 955 1124 1035 postea
1139 950 1199 1017 sub
1216 951 1311 1017 Clau·

171 1057 238 1138 dio,
258 1057 407 1144 Caligula
422 1079 498 1134 vero
521 1060 719 1143 imperatore
742 1061 871 1127 scholae
887 1083 960 1128 eum
975 1062 1155 1148 praefuisse
1170 1064 1311 1130 Alexan-

173 1170 287 1236 drinae
310 1176 468 1255 tanquam
491 1170 631 1238 Theonis
654 1193 882 1240 successorem.
928 1175 1021 1254 Quod
1044 1196 1157 1241 vereor
1179 1197 1221 1242 ne
1243 1175 1309 1242 illis

172 1283 359 1350 concedam.
411 1285 494 1350 Nam
525 1287 810 1371 septuagenarium
832 1287 990 1372 Apionem
1014 1295 1161 1354 secutum
1183 1310 1252 1354 esse
1274 1290 1309 1354 in

173 1398 286 1464 Museo
302 1397 521 1464 Alexandrino
537 1397 700 1464 Theonem
715 1421 781 1465 non
795 1400 968 1466 verisimile
984 1405 1043 1486 est,
1067 1408 1165 1486 atque
1181 1402 1309 1467 etiamsi

171 1511 221 1576 ita
244 1531 279 1577 se
300 1532 353 1576 res
375 1509 529 1593 haberet,
562 1512 681 1577 mirum
710 1511 814 1578 videri
843 1511 991 1595 deberet,
1024 1535 1084 1599 per
1111 1519 1179 1579 tam
1201 1514 1308 1580 brevis

171 1624 328 1708 temporis
351 1625 493 1708 spatium
517 1625 733 1690 Alexandriae
755 1647 888 1691 munere
911 1626 1047 1692 docendi
1069 1625 1217 1693 functum
1239 1647 1309 1693 esse

172 1735 341 1821 Apionem,
360 1737 437 1820 quia
453 1735 587 1807 Claudio
603 1738 799 1823 imperatore
814 1739 936 1804 Romae
951 1760 1064 1805 rursus
1081 1739 1226 1805 docuisse
1242 1742 1309 1804 tra·

172 1848 270 1914 ditur.
303 1849 440 1916 Accedit
455 1849 551 1934 quod,
569 1872 669 1935 quum
684 1850 816 1916 civitate
831 1850 1053 1921 Alexandrina
1068 1851 1307 1917 condonaretur

172 1965 330 2044 tantaque
352 1960 515 2028 frueretur
529 1963 617 2048 apud
632 1963 867 2030 Alexandrinos
891 1964 1059 2048 dignitate,
1082 1968 1119 2030 ut
1133 1964 1307 2048 legationis

175 2072 219 2137 ad
242 2072 421 2158 Caligulam
443 2076 561 2142 missae
585 2076 615 2141 ei
637 2076 848 2142 traderentur
869 2081 991 2161 partes,
1015 2076 1071 2141 diu
1092 2076 1151 2143 illa
1172 2078 1207 2142 in
1228 2075 1309 2142 urbe

173 2187 292 2252 vixerit
314 2187 507 2272 laudemque
530 2187 592 2255 sibi
615 2189 853 2274 comparaverit
873 2187 962 2254 haud
985 2189 1149 2274 exiguam,
1179 2191 1308 2256 omnino
1385 2200 1390 2212 ’

172 2320 303 2364 neeesse
326 2299 463 2366 videtur.
508 2301 597 2380 Quae
620 2323 718 2387 quum
740 2302 788 2368 ita
811 2303 892 2384 sint,
922 2301 1138 2369 Alexandriae
1168 2304 1309 2369 instruc·

175 2416 245 2477 tum
261 2411 400 2498 Didymi,
422 2413 646 2500 Euphranoris
669 2416 833 2500 Apollonii
854 2416 1012 2496 doctrina,
1034 2416 1169 2500 imperio
1193 2417 1235 2482 ad
1258 2416 1310 2482 Ti·

173 2523 308 2590 berium·
329 2525 484 2594 redeunte
512 2529 650 2594 Romam
680 2550 713 2594 se
744 2530 917 2595 contulisse
944 2530 1103 2613 Apionem
1136 2527 1245 2613 ibique
1274 2531 1309 2595 in

172 2636 285 2704 schola
315 2640 457 2723 quadam
487 2639 618 2726 publica
648 2643 896 2726 grammaticam
927 2640 1073 2706 docuisse
1107 2662 1146 2705 ac
1183 2631 1308 2722 deinde,

171 2758 346 2836 postquam
368 2753 479 2819 Theon
501 2754 536 2818 in
557 2774 666 2820 museo
690 2754 908 2820 Alexandrino
931 2761 1078 2819 mortuus
1101 2757 1203 2835 esset,
1231 2754 1309 2819 illuc

173 2885 339 2931 reversum
361 2865 467 2932 locum
483 2867 623 2932 Theonis
645 2867 680 2931 in
693 2887 805 2932 museo
827 2866 1006 2933 obtinuisse
1025 2865 1171 2932 conicere
1187 2866 1308 2932 malim.

174 2977 214 3044 Id
236 2978 322 3063 quod
344 2977 416 3044 fieri
437 2981 546 3064 potuit
575 3001 661 3046 anno
684 2983 735 3044 20.
759 3003 790 3064 p.
815 2978 905 3061 Chr,
939 2999 1003 3064 quo
1032 2981 1082 3044 vir
1111 2983 1181 3044 erat
1202 2980 1310 3064 Apion

171 3091 410 3176 quinquaginta
433 3113 535 3158 annos
557 3099 664 3160 natus.
714 3093 799 3158 Huic
827 3095 956 3159 omnino
979 3115 1044 3159 non
1067 3091 1191 3172 obstat,
1222 3091 1310 3176 quod

172 3204 298 3272 Plinius
320 3206 342 3271 l.
361 3205 382 3270 l.
406 3204 606 3272 adolescenti
628 3205 707 3272 dicit
730 3205 791 3272 sibi
814 3207 919 3271 visum
942 3226 1012 3271 esse
1028 3205 1201 3289 Apionem3
1226 3203 1310 3270 Cali-

172 3318 250 3402 gula
272 3318 357 3384 enim
378 3319 575 3402 imperatore
597 3318 721 3384 Plinius
744 3319 933 3385 adolescens
963 3323 1051 3398 erat,
1081 3339 1186 3401 neque
1216 3315 1308 3401 quid·
1399 3405 1402 3412 Ι

173 3410 272 3535 quam
287 3430 434 3515 impedit,
457 3433 628 3516 quominus
643 3433 786 3498 Plinium
801 3431 918 3497 vidisse
934 3430 1131 3528 acqipiamus
1146 3431 1307 3515 Apionem
1386 3473 1390 3480 -

172 3565 211 3612 eo
233 3551 397 3630 tempore,
429 3567 492 3630 quo
522 3546 648 3630 legatus
678 3545 733 3611 ille
754 3546 873 3611 missus
902 3549 989 3610 esset
1011 3544 1148 3610 Romam
1170 3542 1308 3609 Iudaeos

172 3637 396 3740 incusaturus3
420 3659 478 3724 sed
500 3680 558 3724 cur
576 3659 682 3743 Apion
697 3657 894 3724 Alexandria
915 3663 1030 3743 postea
1051 3656 1168 3723 relicta
1189 3657 1308 3722 iterum
1341 3653 1363 3682 ’·

172 3771 296 3838 Romae
312 3793 445 3839 munere
467 3771 597 3838 functus
620 3773 663 3838 sit
678 3773 823 3854 docendi,
846 3772 972 3837 nullum
988 3771 1193 3838 coniecturae
1208 3767 1308 3835 habet
1383 3841 1387 3848 ⁴

171 3883 295 3966 locum;
317 3883 410 3953 illum
432 3907 508 3954 vero
530 3886 628 3973 paulo
650 3891 725 3972 post
747 3891 911 3952 mortuum
933 3906 1003 3952 esse
1026 3905 1066 3952 ex
1080 3884 1178 3951 Plinii
1200 3881 1311 3949 verbis

224 4255 259 4326 ³²)
277 4253 726 4329 cfr.10sephinnciquit.1udaie.
745 4255 844 4312 XVIII.
864 4259 904 4313 10.
927 4287 961 4298 -
985 4253 1095 4312 Lehrsii
1113 4253 1221 4323 Quaest.
1240 4253 1306 4326 cpio.
1433 4335 1438 4342 ι

170 4367 199 4424 p.
219 4351 259 4407 18.

1114 4457 1153 4509 4*
1244 4483 1249 4494 ·
