3098 4908
689 242 730 318 49

206 467 320 552 Neque
342 465 448 532 minus
471 467 661 549 propterea,
690 463 777 548 quod
805 483 995 549 persuasum
1024 463 1103 532 mihi
1132 464 1277 549 udatur,

143 601 271 661 omnes,
294 577 351 664 qni
371 577 511 644 Theonis
533 576 702 644 cuiusdam
724 577 853 644 nomine
875 579 952 643 sunt
974 579 1095 661 ornati,
1120 598 1280 646 commen·

142 694 246 760 tarius
262 691 305 758 ad
319 696 434 776 poetas
446 689 682 757 Alexandrinos
695 689 958 775 interpretandos
974 692 1113 775 scriptos
1125 690 1167 758 ad
1178 711 1279 758 unum

143 805 345 890 eundemque
361 805 610 889 grammaticum
625 803 754 884 referri,
772 802 876 868 eidem
889 801 1081 870 tribuendos
1095 807 1176 889 puto
1193 823 1279 870 com·
1315 864 1318 868 .

142 919 335 999 montanica,
365 916 420 1000 qni
443 916 583 982 Theonis
605 917 640 982 in
663 915 853 982 Callimachi
874 916 980 982 Αἴτνα
1001 923 1034 982 et
1056 916 1278 1002 Lycophronis
1367 895 1370 904 ¹

143 1030 363 1098 Alexandram
384 1031 419 1095 in
441 1028 494 1095 Et.
518 1029 561 1094 Μ.
586 1033 620 1094 et
641 1030 730 1114 apud
752 1029 861 1114 Steph.
881 1030 956 1114 Bya.
975 1034 1277 1096 commemorantur.

211 1143 350 1210 Theonis
373 1142 596 1208 commentarii
623 1141 658 1208 in
688 1142 939 1210 Callimachi
959 1142 1092 1208 Αἴτνα
1117 1141 1200 1210 haec
1227 1163 1279 1208 su-

144 1261 280 1341 persunt
302 1253 485 1339 fragmenta
507 1255 578 1340 ipso
602 1255 741 1334 Theonis
762 1255 892 1322 nomine
914 1255 1082 1341 apposito:

207 1369 261 1434 Et.
285 1368 328 1433 M.
352 1389 405 1453 pg.
430 1373 492 1433 207
515 1390 545 1434 v.
569 1366 768 1458 Βονκεραΐς·
790 1361 903 1457 Κρὴνη
931 1365 965 1436 ἐν
987 1367 1185 1445 Πλαταιαῖς,
1208 1359 1279 1456 ἥτις

143 1475 345 1565 ὠνόμασται,
361 1475 413 1546 ὅτι
426 1475 595 1565 Πόλυβος,
612 1479 649 1562 ἐξ
663 1473 812 1570 ’Ἄργους
833 1480 982 1550 ἐπέκτισε
1002 1479 1176 1558 Πλαταιάς
1195 1478 1279 1562 μετά

140 1592 199 1660 τάν
220 1593 278 1661 ἐπὶ
299 1593 522 1672 Δευκαλίωνος
542 1593 764 1677 κατακλυσμὸν
782 1593 861 1678 βοάς
882 1590 971 1680 αὐτῷ
995 1593 1171 1683 ἡγουμένης
1196 1592 1279 1659 κατά

143 1703 302 1797 χρησμόν,
326 1701 370 1786 ὥς
391 1714 474 1773 πἀτο
494 1701 644 1793 Κάδμῳ·
665 1706 704 1796 ἢν
725 1703 828 1790 ἐκεῖσε
848 1705 1094 1774 κατακλιθεῖσαν
1108 1710 1155 1791 τῷ
1169 1705 1280 1795 κέρατι

143 1815 290 1903 πατάξαι
310 1819 367 1910 τὴν
388 1824 460 1909 γῆν,
481 1821 537 1887 καὶ
558 1813 672 1910 κρήνην
694 1815 909 1910 ἀναφανῆναι,
931 1813 970 1908 ἢν
990 1814 1058 1886 άπό
1072 1822 1131 1886 τσῦ
1144 1818 1279 1907 κέρατος

142 1937 202 2002 τοῦ
228 1933 307 2018 βοάς
338 1931 539 2023 Βουκοράΐδα
567 1933 759 2000 καλεῖσθαι.
788 1928 883 2002 Οὕτω
908 1933 1019 2000 Θέων
1045 1931 1080 2000 ἐν
1104 1935 1175 2010 τοῖς
1195 1929 1278 1998 ὑπσ-

141 2042 285 2136 μνὴμασι
304 2053 365 2114 τοῦ
387 2042 409 2116 ά
429 2043 552 2114 Αἰνέου
579 2040 804 2132 Καλλιμάχου.
835 2047 884 2114 De
912 2047 1051 2114 historia
1079 2045 1278 2114 Schmidtius

141 2161 372 2228 conferendum
399 2160 491 2228 iubet
516 2160 711 2227 Friedrichii
732 2182 795 2226 ner.
826 2160 963 2227 Plataic.
977 2243 979 2247 Α
992 2159 1121 2244 specim.
1150 2180 1204 2244 pg.
1237 2163 1274 2225 11

29 2347 31 2356 ,
149 2275 266 2358 (Berol.
294 2276 400 2362 1841).
431 2273 565 2340 Temere
587 2294 664 2340 uero
688 2272 885 2340 Schmidtius
907 2295 947 2340 ea
969 2291 1114 2357 quoqne,
1138 2291 1221 2357 quae
1242 2271 1278 2338 in

144 2383 197 2451 Et.
219 2385 263 2451 M.
286 2386 502 2453 antecedunt:
532 2385 719 2476 Βονκέρας·
747 2411 768 2474 η
789 2385 894 2474 τῆλις,
923 2383 964 2451 τά
985 2377 1202 2473 σπερμάτων,
1233 2381 1277 2452 ad

142 2498 365 2581 quaestionem
386 2497 426 2564 de
447 2499 587 2566 Theonis
605 2499 795 2584 fragmentis
817 2499 957 2566 attrahit
973 2498 1140 2582 fusiusque
1155 2497 1195 2564 de
1210 2497 1275 2564 illis

142 2610 291 2692 disserit3
316 2612 373 2676 sed
387 2612 512 2678 nullum
528 2633 668 2697 agnosco
683 2612 855 2692 indicium,
875 2612 935 2679 illa
954 2634 972 2679 e
993 2611 1133 2678 Theonis
1155 2610 1275 2678 hausta

142 2743 212 2790 esse
233 2723 268 2789 in
291 2723 526 2790 Callimachum
549 2727 789 2793 commentario.

204 2835 258 2901 Et.
281 2836 326 2902 M.
348 2857 402 2920 pg.
429 2840 499 2903 160.
523 2857 549 2902 s.
572 2859 601 2904 ν.
625 2829 812 2926 ’‘Acsvpun·
843 2833 891 2904 Τά
920 2828 1018 2918 άστν,
1042 2835 1274 2917 Καλλίμαχος·

145 2945 208 3029 ,Ἡ
224 2946 285 3030 μὲν
306 2943 510 3038 ἀερτάζουσα
531 2943 616 3035 μέγα
636 2945 760 3039 τρύφος
787 2944 958 3040 ὑφιζάνον
987 2945 1127 3045 άστυρὸν
1153 2946 1275 3016 εἰσανέ-

138 3063 270 3142 βαινεν.“
308 3061 447 3150 Εἴρηται
460 3061 552 3150 παρά
566 3061 605 3128 τά
620 3055 702 3130 lore
715 3064 971 3153 ὑποκοριστικῶς
985 3056 1144 3152 άστοράν.
1180 3054 1275 3128 Οὕτω

141 3173 248 3240 Θέων
277 3170 311 3242 ἐν
338 3172 549 3264 ὑπομνήματι
577 3180 636 3242 τοῦ
663 3179 686 3262 β
712 3179 777 3241 τῶν
804 3175 940 3244 Αἰτίων.
986 3176 1051 3243 Cir.
1083 3175 1274 3245 Callimachi

142 3283 255 3370 fragm.
282 3293 331 3353 19.

204 3399 294 3478 Quae
315 3401 352 3468 in
373 3400 427 3466 Et.
451 3400 495 3466 M.
518 3422 571 3486 pg.
599 3406 660 3470 144
681 3401 722 3468 de
743 3423 822 3470 soce
843 3401 941 3491 ἁρμῷ
963 3403 1130 3485 dicuntur,
1161 3422 1275 3486 quam·
1385 3412 1397 3426 ·

142 3532 237 3595 quam
253 3512 317 3580 duc
332 3513 523 3580 Callimachi
537 3535 650 3582 versus
663 3501 698 3582 in
712 3516 770 3583 illa
785 3517 985 3602 expositione
1001 3518 1159 3600 citantur,
1176 3537 1275 3603 supra

142 3623 329 3692 Theocriteo
357 3626 599 3714 hypomnemati
624 3628 787 3696 vindicari
801 3627 858 3695 ,σιν
893 3629 1054 3714 insignem
1083 3632 1273 3698 conuenien-

141 3736 227 3820 tiam,
240 3759 325 3824 qnae
340 3739 514 3806 intercedit
527 3741 614 3808 inter
628 3741 682 3807 Et.
697 3741 741 3810 M.
757 3745 792 3808 et
806 3741 970 3810 Theocriti
985 3743 1118 3811 scholia.
1129 3743 1274 3810 ¹Praeter

142 3849 301 3918 Thecnem
335 3857 493 3938 tanquam
528 3853 721 3922 Callimachi
749 3852 876 3922 Αἰτίων
909 3857 1070 3942 interpres
1104 3857 1274 3944 Epaphro-

29 4039 30 4066 ρ
141 3961 227 4054 clitus
248 3971 529 4063 commemoratur
542 3967 631 4054 apud
653 3967 763 4054 Steph.
786 3970 862 4055 Byz.
887 3991 911 4036 s.
934 3993 963 4038 v.
986 3966 1143 4060 Δωδώνη,
1170 3993 1273 4056 quare

29 4139 30 4178 ρ
142 4075 310 4144 diiudicari
326 4081 457 4164 nequit,
468 4081 552 4160 utri,
568 4101 652 4166 quae
668 4081 860 4150 Callimachi
873 4080 999 4151 Αἰτίων
1018 4084 1273 4170 fragmentorum

29 4183 31 4244 i
141 4187 423 4277 interpretationes
446 4193 535 4281 apud
556 4197 682 4262 ueteres
703 4195 896 4264 scholiastae
911 4201 1011 4282 atque
1026 4198 1271 4286 lexicographcs

31 4365 32 4368 ,
144 4310 308 4373 serrantur
318 4357 325 4390 ,
337 4307 530 4383 tribuendae
545 4309 620 4379 sint.
636 4309 789 4397 Stephon.
804 4310 881 4396 Byz.
893 4311 1050 4380 tredecim
1064 4311 1144 4380 locis
1160 4333 1272 4380 versus

1101 4437 1117 4489 7
1152 4480 1160 4492 .
