3098 4908
724 269 766 344 67

172 489 333 556 sufficiant
360 489 405 554 ad
434 493 623 554 accuratam
654 488 694 555 de
722 488 873 554 doctrina
904 489 973 554 eius
995 487 1163 554 ferendam
1186 493 1314 556 senten-

170 602 266 684 tiam,
293 600 328 666 id
357 605 447 667 certe
475 605 617 683 constat,
646 600 739 667 varia
768 604 868 684 atque
896 599 986 665 haud
1013 599 1130 686 exigua
1152 600 1316 668 Thoonem

169 714 368 779 instructum
389 712 490 780 luisse
511 711 661 779 doctrina
676 733 813 796 eamque
836 734 876 779 ex
898 733 936 779 eo
957 713 1162 798 potissimum
1178 713 1315 795 elucere,

171 826 260 910 quod
286 825 398 892 Theon
426 824 586 910 imprimis
611 825 757 890 intentus
783 824 847 890 fuit
874 825 918 891 ad
939 829 1055 909 poetas
1078 824 1315 890 Alexandrinos

171 937 419 1024 Lycophronem
442 941 477 1002 et
500 936 737 1002 Callimachum
757 936 1031 1020 interpretandos,
1059 957 1141 1021 quos
1163 942 1316 1021 poemata

171 1071 231 1116 sua
262 1047 361 1115 rebus
397 1047 636 1114 obscurissimis
670 1048 830 1133 valdeque
863 1047 1040 1116 reconditis
1068 1070 1185 1116 ornare
1205 1049 1315 1132 'atque

171 1162 298 1246 replere
321 1159 484 1226 studuisse
507 1164 646 1226 constat.
692 1159 788 1226 Unde
816 1160 940 1244 optimo
961 1161 1033 1226 iure
1056 1162 1203 1226 conicere
1224 1160 1315 1243 licet,

172 1273 335 1339 Theonem
357 1271 447 1338 haud
468 1271 678 1337 mediocriter
693 1275 878 1368 compertas
899 1269 1053 1338 habuisse
1068 1293 1121 1339 res
1143 1271 1315 1356 mythicas,

171 1384 358 1466 historicas,
382 1382 617 1468 geographicas
640 1384 740 1450 etiam
755 1383 897 1449 maxime
911 1383 1066 1450 obscuras
1089 1389 1190 1468 atquev
1203 1405 1316 1474 recon-

172 1495 274 1577 ditas,
297 1516 381 1578 quae
404 1495 513 1580 opinio
536 1516 575 1562 eo
597 1495 754 1560 maiorem
776 1496 897 1590 accipit
921 1494 1204 1580 probabilitatem,
1228 1495 1317 1580 quod

171 1607 285 1692 plura,
313 1606 432 1691 quibus
459 1612 589 1691 tempus
619 1628 685 1672 non
712 1607 845 1686 invidit,
880 1608 949 1672 eius
968 1606 1155 1692 fragmenta
1177 1607 1220 1674 ad
1241 1607 1316 1674 illas

173 1719 363 1804 disciplinas
386 1723 547 1804 spectant.
586 1719 655 1784 Nec
677 1740 743 1785 non
764 1720 799 1784 in
818 1718 917 1785 rebus
938 1721 1070 1805 proprie
1092 1721 1316 1804 grammaticis

172 1831 266 1896 illum
300 1835 495 1915 occupatum
529 1851 618 1912 esse,
650 1829 778 1896 lexicon
808 1831 878 1898 eius
907 1833 1066 1897 comicum
1098 1829 1316 1916 docet'atque

171 1941 365 2028 fragmenta,
387 1943 423 2006 in
446 1940 564 2025 quihus
578 1941 753 2008 verborum
768 1913 1031 2027 significationes,
1055 1944 1206 2028 origines,
1228 1943 1315 2009 ratio

172 2053 336 2120 scribendi
366 2073 405 2118 ac
432 2054 673 2138 pronunciandi
699 2054 918 2120 illustrantur.
964 2054 1129 2120 Theonem
1151 2075 1227 2121 vero
1250 2075 1316 2121 non

172 2166 278 2232 solum
308 2187 364 2231 eos
391 2165 577 2250 collegisse,
613 2153 694 2248 quos
730 2167 857 2250 priores
890 2167 1097 2250 grammatici
1125 2165 1316 2250 scripserint

169 2277 421 2344 'commentarios
444 2276 645 2343 diversorum
667 2282 849 2362 poetarum,
873 2278 931 2344 sed
953 2279 1053 2344 ctiam
1068 2278 1108 2343 de
1131 2298 1189 2343 suo
1212 2278 1317 2346 multa

172 2389 340 2470 adiecisse,
363 2391 466 2456 exiis
488 2390 628 2456 fortasse
651 2390 844 2474 concludere
866 2391 990 2475 possis,
1024 2408 1109 2474 quae
1137 2392 1172 2456 in
1193 2389 1247 2456 Et.
1270 2390 1315 2454 M.

171 2522 225 2587 pg.
249 2505 290 2565 49
315 2500 355 2566 de
377 2507 515 2572 accentu
537 2501 625 2567 vocis
648 2494 789 2588 ἄκμηνος
812 2500 981 2584 dicuntur,
1016 2500 1075 2567 ubi
1103 2501 1215 2567 Theon
1242 2521 1316 2566 cum
1413 2549 1416 2556 .

172 2612 365 2679 Aristarcho
393 2613 522 2679 exsistit
544 2632 609 2679 non
640 2614 853 2680 consentiens.
898 2613 1050 2696 Accedit,
1081 2613 1169 2697 quod
1190 2613 1314 2698 primus

172 2723 228 2790 ille
249 2723 488 2810 interpretatus
511 2746 581 2791 esse
608 2725 739 2790 videtur
760 2725 970 2791 Nicandrum.
985 2725 1027 2812 58)

240 2836 289 2903 De
311 2836 440 2903 dicendi
463 2857 591 2921 genere,
614 2837 704 2920 quali
720 2836 831 2902 Theon
849 2858 927 2903 usus
942 2839 985 2902 sit
1006 2839 1041 2902 in
1065 2837 1315 2919 commentariis,

174 2949 371 3018 senteutiam
404 2948 489 3025 ferre
522 2970 588 3015 non
622 2949 727 3014 ausim
755 2954 931 3033 propterea
960 2948 1049 3032 quod
1071 2926 1233 3014 incertum
1256 2954 1315 3030 est,

171 3065 284 3126 utrum
316 3060 537 3146 lexicographi
564 3061 840 3145 scholiastaeque,
881 3060 939 3144 qui
974 3061 1217 3126 commentariis
1246 3062 1316 3126 eius

172 3171 361 3258 utebantur,
383 3174 455 3258 ipsa
479 3172 618 3240 Theonis
640 3171 741 3239 verba
763 3171 916 3257 operibus
946 3174 1013 3240 suis
1035 3173 1249 3256 inseruerint,
1274 3193 1317 3238 an

171 3283 232 3350 illa
253 3283 296 3350 ad
318 3305 413 3350 suum
435 3285 582 3368 ipsorum
608 3304 791 3350 sermonem
818 3285 1143 3351 accommodaverint.
1190 3285 1224 3351 Si
1240 3285 1313 3368 quis

171 3397 247 3482 ipsa
269 3395 409 3462 Theonis
431 3396 531 3464 verba
553 3397 588 3462 in
604 3396 734 3463 scholiis
749 3397 882 3482 agnosci
901 3379 1062 3481 posuerit,
1082 3402 1193 3463 tamen
1214 3397 1316 3481 impe-

172 3509 292 3591 dietur,
308 3509 480 3592 quominus
502 3509 628 3592 aliquid
649 3509 731 3575 certi
754 3512 881 3576 statuat
904 3509 945 3575 de
961 3509 1030 3574 eius
1047 3528 1164 3592 genere
1187 3507 1316 3574 dicendi

172 3620 216 3688 ob
247 3622 442 3706 scripturam
469 3622 597 3705 saepius
624 3621 660 3687 in
689 3620 822 3688 scholiis
849 3621 898 3686 ita
927 3619 1171 3705 perturbatam,
1201 3622 1317 3687 utrix

172 3733 254 3819 quid
286 3732 415 3799 dicatur
447 3733 630 3819 intelligere
663 3734 779 3818 possis.
827 3732 934 3812 Quare
966 3733 1051 3798 hanc
1078 3754 1148 3799 rem
1181 3733 1315 3800 missam

172 3845 321 3912 facimus.
906 3917 908 3921 ,

240 3957 385 4024 Tandem
407 3963 445 4024 ut
465 3957 541 4024 huic
564 3958 828 4025 commentationi
851 3955 948 4024 finem
969 3959 1192 4042 imponamus,
1214 3955 1316 4022 nemi-

173 4090 251 4136 nem
274 4091 369 4155 spero
399 4093 466 4138 non
493 4071 691 4136 intellexisse
720 4091 760 4136 ex
781 4091 855 4138 mea
876 4069 1115 4155 disputatione,
1150 4070 1314 4136 Thoonem

231 4321 264 4387 ⁵⁸)
285 4319 339 4373 Cfr.
357 4319 545 4389 Bussemaker,
563 4321 649 4390 praef.
668 4318 704 4376 ad
721 4320 804 4376 schol.
822 4319 949 4376 Nicandr.
967 4337 1012 4390 pg.
1031 4323 1055 4374 1.
