3098 4908
736 241 779 318 19

187 487 206 538 e
227 464 321 534 libris
343 463 413 532 eius
438 461 478 530 de
500 464 714 548 grammatica
742 485 763 530 a
790 463 890 532 Suida
917 463 1185 532 commemoratis.
1231 464 1322 546 Quae

187 575 421 648 Graelenhanii
444 575 631 644 coniectura
654 576 681 644 si
705 597 781 646 vcra
801 583 861 659 est,
884 577 1045 646 Theonem
1061 577 1209 662 Augusto
1223 577 1324 664 impe·

186 696 297 762 ratore
331 689 480 758 floruisse
510 691 673 774 sequitur,
709 710 786 757 nam
816 683 844 757 si
874 690 1066 776 Apollonius
1096 689 1157 756 sub
1186 689 1321 760 Claudio

187 804 311 872 Romae
333 801 487 886 docebat,
517 802 612 869 facile
640 802 711 870 fieri
733 808 880 889 poterat,
913 809 951 870 ut
972 803 1071 890 paulo
1094 809 1170 870 ante
1192 803 1267 870 Chr.
1290 825 1321 870 u.

185 917 222 984 in
243 916 349 983 lucem
371 915 493 997 editus,
514 921 690 1000 postquam
706 915 923 983 Alexandriae
945 915 1080 1002 abipso
1102 920 1196 1003 patre
1220 937 1322 1000 eoque

185 1033 317 1096 mortuo
339 1027 381 1094 ab
403 1028 528 1114 Apione
550 1049 733 1096 successore
755 1027 875 1098 litteris
897 1028 1068 1096 institutus
1091 1034 1156 1112 est,
1185 1030 1322 1098 Romam

187 1160 223 1207 se
246 1139 408 1208 conferret
428 1139 539 1225 ibique
561 1146 666 1207 artem
688 1141 935 1226 grammaticam
955 1140 1174 1227 profiteretur.
1206 1140 1210 1148 '

252 1253 326 1338 Ipse
348 1252 481 1338 quidam
503 1274 568 1321 non
589 1254 708 1337 nescio,
730 1254 792 1320 hoc
815 1255 884 1322 solo
906 1255 978 1322 loco
998 1255 1104 1324 nisum
1128 1275 1322 1340 quemquam

188 1367 313 1451 aliquid
336 1366 418 1460 certi
441 1366 481 1432 da
504 1365 644 1432 Theonis
665 1371 774 1434 aetate
795 1365 942 1452 proferre
964 1388 1029 1434 non
1050 1389 1155 1454 posse,
1175 1367 1232 1434 sed
1248 1389 1319 1434 meo

186 1481 259 1548 iure
288 1479 331 1548 ad
360 1499 430 1545 rem
458 1479 590 1546 aliunde
616 1479 682 1546 iam
710 1483 909 1563 compertam
936 1481 1040 1565 magis
1065 1479 1320 1548 confirmandam

185 1592 249 1660 hoc
264 1591 385 1660 iudicio
401 1611 466 1658 non
481 1590 594 1660 dubito
610 1593 668 1658 uti.
702 1592 793 1658 Idem
811 1591 891 1657 mihi
912 1592 1118 1660 sentiendum
1133 1592 1261 1659 videtur
1281 1593 1322 1662 de

187 1705 292 1772 altero
306 1704 444 1786 indicio,
461 1705 596 1790 quadiu
610 1705 717 1790 Etym.
735 1705 853 1790 Magno
868 1727 893 1770 0.
911 1727 940 1770 v.
957 1702 1053 1794 ἁρμῷ
1069 1705 1248 1773 exhibetur.
1273 1706 1321 1772 De

185 1819 273 1886 vocis
288 1817 385 1907 ἁρμῷ
400 1818 614 1904 explicatione
628 1817 715 1884 infra
730 1838 836 1885 sermo
852 1819 931 1899 erit3
953 1817 1014 1885 hoc
1030 1819 1101 1886 1000
1116 1818 1199 1884 illud
1216 1819 1321 1886 solum

185 1931 367 2017 urgendum
390 1937 449 2013 est,
473 1930 561 2015 quod
583 1930 807 2017 explicationis
828 1931 916 1998 illius
939 1937 1053 1999 auctor
1067 1932 1255 1998 nominatus
1271 1938 1321 1999 est

186 2043 297 2112 Theon
319 2044 518 2110 Artemidori
539 2043 640 2126 filius,
664 2065 760 2129 quem
782 2044 920 2110 cundem
942 2065 1012 2112 esse
1034 2049 1134 2128 atque
1156 2043 1320 2110 Theonem

187 2157 435 2241 grammaticum
454 2157 601 2241 Augusto
616 2161 773 2241 regnante
795 2155 965 2224 florentem
986 2158 1021 2223 iu
1042 2156 1166 2223 nullam
1187 2179 1239 2222 me
1264 2157 1320 2222 ad-

188 2270 278 2336 ducit
310 2270 554 2338 dubitationem.
601 2270 665 2338 Sed
696 2271 888 2355 priusquam
924 2269 964 2336 de
999 2259 1128 2336 Theone
1157 2269 1218 2337 hoc
1250 2271 1321 2336 loco

190 2388 438 2451 commemorato
465 2404 576 2469 agam,
606 2382 767 2468 quomodo
798 2382 971 2467 legendum
1000 2383 1043 2448 sit
1069 2383 1126 2449 illo
1154 2382 1244 2466 loco,
1268 2406 1322 2451 nc-

189 2514 279 2594 00000
295 2499 345 2560 est
359 2499 531 2563 statuatur.
564 2495 701 2563 Plurimi
716 2497 802 2562 enim
818 2497 945 2562 codices
959 2497 1131 2564 lectionem
1147 2495 1316 2564 exhibent:

187 2599 273 2674 οὕτω
293 2599 385 2674 θέλει
414 2603 715 2698 ὀἈᾳιεμίδωροςς
743 2613 821 2675 0001
848 2616 958 2676 autom
987 2608 1130 2691 codices,
1162 2611 1322 2695 imprimis

189 2720 357 2788 Leidensis
380 2726 415 2787 et
435 2742 519 2788 unus
541 2722 730 2805 Parisinus‚·
744 2722 800 2807 qui
823 2722 1020 2808 scripturam
1040 2721 1214 2807 praebent:
1239 2717 1324 2788 οὕτω

187 2827 278 2902 Θέων
300 2828 603 2924 ὁἈᾳιεμιδώρου,
626 2857 728 2920 quare
750 2835 899 2917 Bestius,
922 2833 966 2900 ad
988 2834 1138 2919 Gregorii
1161 2835 1322 2902 Corinthii

188 2948 229 3016 de
259 2947 409 3016 dialectis
439 2948 489 3014 ed.
519 2947 682 3016 Schaeseri
715 2938 795 3014 1811
827 2968 880 3034 pg.
911 2949 974 3014 367
1004 2968 1051 3032 sq.
1082 2949 1320 3016 restituendum

187 3068 314 3131 censet:
340 3054 425 3128 οὕτω
447 3055 537 3128 Θέων
559 3060 577 3128 (1
599 3065 659 3127 τοῦ
677 3055 928 3150 Ἀρτεμιδώρου
947 3083 1007 3147 pro
1022 3061 1157 3146 vulgata
1171 3062 1321 3144 lectione,

187 3195 287 3260 quam
308 3197 348 3242 ex
371 3173 560 3261 compendio
585 3195 757 3261 perperam
785 3174 871 3241 lecto
893 3181 1005 3242 natam
1029 3196 1100 3242 esse
1122 3174 1245 3241 diserte
1268 3174 1323 3240 de·

186 3289 409 3375 monstrato).
442 3289 548 3356 Bastii
563 3287 820 3356 observationem
835 3292 924 3354 recte
944 3308 977 3354 se
993 3286 1123 3370 habere,
1140 3309 1180 3353 ex
1195 3285 1321 3353 duobus

187 3403 279 3486 aliis,
298 3423 379 3488 quos
394 3401 568 3487 ignorabat
582 3401 655 3485 ille,
678 3400 843 3468 codicibus
858 3404 1010 3486 apparet,
1026 3421 1164 3484 quorum
1179 3400 1321 3466 alterum

185 3515 357 3582 lectionem
379 3515 531 3584 exhibere
553 3519 640 3581 θεῶν
662 3509 726 3598 ὅτε,
749 3513 888 3582 alterum
902 3516 958 3600 θε)
982 3510 999 3577 ὃ
1021 3515 1082 3578 τοῦ
1096 3506 1322 3602 ἀρτεμιδώρου

241 3760 273 3830 ³⁰)
289 3760 363 3815 Dicit
380 3761 451 3815 enirn
469 3760 576 3814 Bestius
593 3760 609 3813 l.
628 3760 662 3812 l.:
686 3758 780 3826 ,θέων
796 3739 984 3830 compendiose
1002 3758 1040 3813 sic
1064 3758 1190 3814 scribitur
1213 3757 1261 3828 θέ,
1283 3757 1322 3812 ita

186 3859 217 3910 ut
235 3855 313 3910 simul
330 3871 381 3926 per
397 3861 535 3911 accentum
553 3855 659 3910 litterae
669 3856 913 3924 {superscriptum
931 3853 1026 3910 ductus
1044 3853 1168 3908 trahatur
1185 3853 1320 3918 incurvus,

187 3950 233 4020 qui
251 3950 381 4020 syllabam
399 3963 439 4012 ῶν
458 3951 608 4021 significet3
627 3966 709 4020 supra
726 3967 753 4020 p.
772 3950 823 4004 293
841 3950 995 4019 didicimus,
1015 3949 1146 4020 syllabam
1165 3974 1203 4009 ων
1221 3947 1261 4002 010
1278 3963 1321 4000 00-

184 4047 361 4116 perscriptam
378 4061 428 4116 pro
445 4047 537 4101 littera
555 4071 574 4129 χ
591 4046 711 4101 habitam
729 4060 803 4114 esse;
825 4046 869 4100 hic
892 4045 1005 4099 candem
1029 4061 1088 4099 cum
1110 4043 1240 4102 litteral
1260 4058 1321 4096 con-

185 4141 277 4198 lusan
291 4141 426 4212 videmus,
452 4141 584 4213 quomodo
608 4140 663 4196 labi
685 4157 800 4212 pronum
823 4140 873 4194 luit
895 4139 1024 4206 librariis,
1049 4139 1095 4195 uhi
1113 4145 1238 4194 accentus
1257 4143 1321 4194 nota

166 4220 240 4292 'tam
256 4236 348 4292 brevis
365 4244 451 4307 00001,
474 4243 505 4294 ut
520 4238 592 4294 linea
610 4237 657 4293 illa
674 4239 786 4294 incurva
802 4252 858 4292 non
877 4236 1054 4306 pertransiret
1072 4250 1142 4302 eam,
1161 4233 1208 4290 sed
1227 4247 1322 4306 super·

183 4331 360 4389 incumberet
390 4335 447 4390 Iam
465 4334 499 4395 θε
517 4335 700 4406 superscripta
717 4334 809 4390 littera
826 4337 842 4394 λ
861 4333 972 4388 solenne
988 4335 1030 4388 est
1044 4329 1231 4400 compendium
1245 4328 1322 4384 verbi

185 4426 306 4488 biterva
