3098 4908
700 251 744 329 37

162 474 400 560 conquisivere,
430 473 546 560 quibus
575 497 751 561 cognomen
781 473 1025 562 Aristophaneis
1053 496 1119 542 non
1145 474 1285 544 inditum

161 592 222 656 cst.
256 587 329 654 Huc
351 587 494 671 accedit,
517 588 604 674 quod
625 589 659 655 in
680 589 776 657 titulo
799 587 874 656 libri
895 588 1084 675 chrysippei
1105 586 1190 678 πρὸς
1209 586 1285 668 τούς

160 697 319 791 spectantis
340 699 426 790 πρὸς
446 694 615 790 Διόδωρον
635 701 797 769 Diodorus
818 700 969 784 affertur,
986 722 1082 787 quem
1096 701 1285 788 Aristopha-

160 835 257 881 neum
270 819 366 900 putat
379 813 575 897 Boeckhius,
590 805 691 899 praef.
707 813 798 880 Pind.
815 814 912 882 schol.
931 835 983 900 pg.
1003 813 1110 897 XHL,
1127 816 1218 881 cuius
1233 835 1285 882 su·

161 926 262 1012 spicio
285 927 313 992 si
334 947 410 993 vera
432 931 497 1009 est,
523 926 684 994 Diodorus
707 926 962 1013 Aristophaneus
984 927 1129 1013 proxime
1151 926 1285 994 accedat

159 1059 290 1106 necesse
312 1043 362 1106 est
383 1038 552 1125 adipsum
574 1039 823 1126 Aristophanem
844 1040 920 1126 Byr.
942 1069 986 1090 —·
1006 1040 1122 1125 Itaque
1149 1044 1183 1106 et
1208 1040 1284 1108 Dio-

160 1150 275 1218 dorum
297 1156 330 1218 at
349 1152 589 1220 Artemidorum
611 1153 785 1219 Tarsenses
809 1174 830 1219 a
846 1152 1003 1221 Strabone
1017 1158 1283 1221 commemoratos

160 1263 404 1348 distinguendos
425 1268 504 1349 puto
527 1264 568 1332 ab
590 1265 843 1350 Aristophanem.
888 1266 1062 1332 Tarsenses
1083 1271 1192 1333 autem
1215 1283 1284 1333 sae·

161 1373 234 1442 culo
261 1396 290 1441 a.
321 1375 395 1442 Chr.
424 1398 457 1442 n.
487 1378 591 1462 primo
619 1378 751 1459 vixisse,
780 1377 854 1444 inde
884 1377 986 1445 conici
1014 1378 1131 1463 possit,
1155 1378 1285 1463 quoda

163 1487 321 1556 Strabone
351 1495 657 1572 commemorantur,
687 1505 783 1574 quem
809 1509 907 1574 quum
928 1491 992 1568 iter
1013 1511 1072 1576 per
1093 1490 1203 1558 Asiam
1225 1492 1284 1557 mi-

164 1622 274 1667 norem
297 1605 378 1667 ante
396 1623 447 1667 an.
471 1605 512 1667 30
534 1623 563 1669 a.
588 1601 661 1668 Chr.
684 1601 821 1685 faceret,
850 1603 944 1669 Tarsi
965 1603 1038 1670 illos
1060 1603 1146 1689 ipsos
1169 1623 1284 1689 cogno·
1375 1633 1377 1636 ·
1514 1633 1521 1646 ‹

160 1712 242 1779 risse
271 1719 360 1799 puto.
404 1713 608 1781 Artemidoro
639 1731 714 1782 vero
743 1715 894 1782 Tarsensi
916 1716 943 1781 si
964 1714 1068 1796 λέξεις
1088 1705 1229 1798 saprade
1250 1721 1284 1782 at

162 1827 406 1895 commentarios
420 1827 455 1892 in
470 1827 658 1894 Callimachi
672 1827 778 1893 Αἲτια
792 1827 999 1910 vindicamus,
1017 1828 1060 1896 ad
1071 1829 1284 1914 suspicionem

159 1936 256 2033 'faede
278 1939 393 2006 adduci
408 1961 591 2025 possumus,
608 1940 772 2006 Theonem
784 1941 1045 2025 grammaticum,
1061 1942 1153 2008 cuius
1169 1941 1284 2008 eadem

164 2049 335 2120 laudantur
356 2052 479 2134 studia,
507 2052 603 2118 huius
630 2051 827 2120 Artemidori
849 2053 1016 2120 Tarsensis
1044 2051 1147 2121 lilium
1167 2052 1282 2137 fuisse,

163 2167 197 2228 et
224 2162 326 2230 lilium
353 2170 413 2231 aut
439 2183 504 2231 una
533 2185 606 2231 cmn
633 2170 738 2251 patra·
754 2181 884 2250 operam
907 2166 1109 2232 consociassa
1130 2166 1166 2232 in
1187 2165 1284 2232 ealli-

161 2275 273 2343 macho
295 2277 537 2363 interpretando
560 2277 789 2364 ccndandcque
817 2277 919 2345 lexico
946 2278 1083 2360 comico,
1111 2283 1170 2345 aut
1190 2300 1284 2346 usum
1380 2333 1383 2339 .
1521 2285 1525 2294 '

164 2405 234 2455 essa
262 2391 366 2475 patris
395 2391 511 2477 copiis,
540 2408 604 2476 quo
632 2391 728 2459 facila
756 2391 827 2459 fieri
854 2395 998 2477 poterat,
1021 2397 1058 2459 ut
1079 2392 1175 2461 modo
1196 2393 1284 2479 patri

162 2501 258 2569 modo
280 2501 347 2570 filio
370 2503 495 2590 singula
515 2503 744 2572 tribuerentur.
990 2589 993 2602 Ι

225 2615 341 2701 Itaque
362 2619 486 2700 omnia,
514 2635 597 2702 quae
618 2616 750 2684 uberius
771 2617 812 2684 da
833 2616 971 2685 Theonis
993 2615 1196 2702 grammatici
1216 2619 1285 2684 rita

166 2731 261 2812 atque
283 2734 391 2796 astate
413 2729 591 2817 disputari,
613 2736 651 2797 ut
672 2730 823 2798 brevibus
846 2730 1128 2816 comprehendam,
1151 2751 1216 2798 non
1237 2735 1285 2797 te⁴

166 2859 251 2907 mere
278 2843 437 2928 suspicari
464 2843 544 2910 mihi
572 2843 660 2910 risus
682 2864 770 2925 sum,
799 2844 960 2911 Thoonem
982 2843 1229 2928 grammaticum
1249 2823 1284 2909 iu

164 2952 273 3021 schola
294 2954 444 3022 Tarsensi
462 2955 504 3022 ab
518 2955 723 3024 Artemidoro
738 2962 832 3042 patre
847 2957 1039 3024 instructum
1054 2955 1284 3023 Alexandriam

162 3085 196 3131 se
218 3069 408 3151 contulisse,
438 3067 547 3153 ibique
569 3069 742 3154 Didymum
763 3068 831 3136 fcre
853 3071 1020 3155 aequalem
1040 3068 1092 3135 val
1112 3069 1210 3154 paulo
1232 3087 1284 3135 au·

159 3179 320 3262 perierem
347 3181 507 3248 audivisse
536 3187 570 3248 et
597 3187 711 3267 postea
739 3182 846 3267 ipsum
872 3181 1018 3248 docuisse
1041 3182 1282 3267 grammaticam

158 3289 193 3355 in
208 3291 321 3361 Museo
332 3316 339 3375 ;
351 3293 439 3378 quod
453 3294 589 3361 docendi
602 3313 719 3360 munus
733 3295 900 3360 mansiisse
915 3295 1042 3361 uidetur
1055 3293 1099 3360 ad
1109 3294 1283 3379 Apionem3

158 3419 260 3487 quare
284 3408 430 3492 Augusto
452 3407 647 3492 imperatore
669 3406 830 3474 Thoonem
860 3406 1107 3491 grammaticum
1135 3406 1284 3503 floruisse

157 3537 222 3584 non
244 3524 299 3587 ast
320 3541 378 3586 cur
399 3541 561 3605 negemus.
603 3520 748 3587 Laudem
769 3541 845 3586 vero
867 3519 956 3586 haud
977 3521 1127 3604 exiguam
1148 3517 1209 3586 sibi
1231 3539 1283 3585 ac·

155 3631 328 3712 quisirisse
342 3633 521 3716 Theonem,
540 3655 639 3718 quum
661 3654 702 3699 ex
724 3633 928 3718 fragmentis,
950 3654 1033 3718 quae
1056 3632 1124 3698 eius
1146 3632 1284 3718 sparsim

154 3739 353 3828 afferuntur,
382 3745 507 3813 elucere
534 3751 630 3832 puto,
657 3751 727 3812 tum
753 3747 926 3847 praecipue
955 3767 972 3812 e
999 3743 1116 3812 notitia
1142 3745 1283 3829 quadam

156 3835 292 3943 druidae,
321 3859 379 3944 qui
405 3857 582 3936 Θεωνείους
607 3861 836 3926 commemorat
864 3859 883 3926 i.
912 3879 938 3926 e.
967 3858 1105 3925 Theonis
1131 3858 1287 3927 asseclas:
1406 3863 1409 3868 '

158 3964 374 4054 Oogimadum
388 3993 459 4048 essa
474 3970 514 4039 de
529 3971 667 4040 Theonis
682 3972 884 4058 grammatici
898 3972 1045 4054 maccha,
1057 3972 1201 4057 aliquam
1215 3969 1283 4038 veri

156 4082 299 4162 speciem
321 4105 362 4151 ex
383 4084 540 4152 similibus
562 4083 850 4170 significationibus
864 4085 984 4171 accipit
999 4085 1283 4170 grammaticorum

156 4187 389 4280 discipulorum
414 4204 513 4285 atque
540 4199 757 4282 imitatorum,
785 4219 813 4266 a.
836 4219 866 4286 g.
893 4197 1163 4281 Καλλιμαχείοις,
1186 4192 1283 4287 'Aple

21 4379 22 4384 ,
83 4361 85 4367 ,
157 4311 375 4394 cosmetae,
394 4309 656 4403 Ἀρισταρχείοις
677 4312 760 4380 aliis.
