3098 4908
663 241 756 321 'a

166 467 400 535 eireumrodi“.
445 467 602 552 Aequalis
632 472 743 534 autem
764 466 896 534 Horatii
919 465 1030 533 Theon
1053 465 1152 533 fuisse
1179 465 1308 534 videtur

168 587 230 649 aut
252 586 340 648 oerte
362 601 428 648 non
451 580 507 646 diu
528 585 604 648 ante
620 581 793 648 Horatium
807 581 934 648 vixisse.
970 579 1213 646 commentator
1229 579 1308 646 Oru-

168 695 313 782 quianus
336 693 376 761 de
399 693 457 760 illo
478 693 559 761 haeo
581 693 704 760 tradit:
731 693 928 775 „Luthienus
948 692 1060 759 Theon
1074 692 1245 760 libertinus
1261 692 1308 760 di·

170 809 324 875 oaeitatis
357 807 576 876 amaritudine
609 810 741 892 praeter
774 812 899 874 eeteros
925 808 979 875 ita
1007 812 1184 894 patronum
1214 828 1306 872 suum

174 921 397 1008 exasperavit,
420 927 458 988 ut
481 920 576 988 domo
600 922 669 988 eius
692 920 952 1002 submoveretur,
976 926 1010 988 et
1031 919 1240 1006 quaternario
1262 919 1307 984 le-

173 1040 249 1122 gato
272 1033 441 1101 iuberetur
462 1039 581 1100 restem
604 1033 666 1100 sibi
688 1033 863 1120 palumque
886 1055 1002 1100 emere.
1036 1034 1098 1100 Per
1119 1033 1205 1099 huno
1229 1052 1306 1116 ergo

172 1147 324 1216 maledici
345 1152 378 1214 et
399 1147 633 1214 detrectatores
649 1147 904 1231 intelliguntur.“
939 1148 1073 1213 Potitum
1088 1145 1186 1212 fuisse
1203 1144 1305 1211 Theo·

172 1283 248 1328 nem
276 1261 362 1328 unde
392 1259 559 1344 cognitum
585 1258 727 1326 habeant
748 1259 904 1327 Erasmus
925 1257 1209 1326 Roterotlamensis
1233 1257 1304 1340 (cir.

172 1396 242 1441 nro.
267 1375 321 1461 14)
344 1379 442 1460 atque
464 1373 658 1458 Doeringius
680 1373 715 1438 in
736 1373 813 1439 Hor.
838 1371 932 1454 edit,
963 1394 1029 1438 non
1050 1370 1209 1458 pereipi03
1232 1390 1307 1436 nam

172 1489 208 1554 in
235 1493 306 1553 tota
327 1487 457 1554 Horatii
487 1487 625 1572 epistola
653 1486 721 1554 ulla
749 1507 847 1552 eausa
875 1507 940 1552 non
961 1485 1069 1572 inest,
1103 1504 1186 1569 quae
1215 1483 1307 1550 illum

176 1599 276 1668 fuisse
297 1605 427 1686 poetam
451 1599 584 1666 indicet.

242 1745 290 1806 13.
314 1739 455 1807 Theon
485 1738 803 1806 Alexandrinus
833 1736 1040 1818 medicus,
1075 1755 1139 1820 quo
1162 1739 1308 1820 tempore

173 1854 303 1936 vixerit,
325 1854 360 1918 in
382 1874 535 1938 suspenso
559 1859 677 1920 manet.
702 1852 839 1919 Constat
861 1873 946 1933 vero,
976 1850 1045 1916 eius
1066 1853 1209 1916 aetatem
1232 1853 1308 1932 post

174 1966 387 2051 Hippocratis
408 1972 556 2052 tempora
578 1970 611 2032 et
633 1969 709 2033 ante
732 1966 890 2032 Galenum
914 1985 983 2031 esse
1004 1962 1197 2051 ponendam.
1244 1960 1308 2025 Ga·

173 2078 268 2144 lenus
284 2078 369 2144 enim
379 2079 434 2164 ³¹),
451 2081 506 2164 qui
521 2080 651 2146 saeculo
667 2078 779 2145 floruit
793 2078 949 2160 seeundo,
965 2077 1182 2162 fragmentum
1199 2079 1308 2141 servat

175 2213 216 2258 ex
233 2191 372 2258 Theonis
386 2191 469 2258 libro
488 2192 588 2260 tertio
606 2196 669 2257 τῶν
683 2195 915 2278 praenotionis,
936 2211 1092 2276 eumque,
1112 2208 1308 2273 quamquam

174 2304 247 2372 aliis
263 2304 353 2371 aliud
367 2305 472 2371 visum
487 2311 587 2387 esset,
604 2307 797 2392 Hippocrati
811 2303 1072 2391 postponendum
1086 2305 1193 2388 putat,
1211 2321 1307 2386 quem

173 2417 290 2485 melius
312 2418 352 2484 de
374 2417 561 2485 frictionum
584 2417 775 2486 differentiis
797 2417 984 2502 viribusque
1006 2415 1173 2501 scripsisse
1196 2413 1306 2500 aitil).

242 2563 291 2624 14.
315 2557 447 2625 Theon
473 2557 740 2640 Medulensis,
776 2557 915 2624 Medulis
943 2556 977 2622 in
1005 2554 1085 2621 urbe
1112 2555 1308 2638 Aquitaniae

173 2677 281 2754 natus,
297 2671 470 2738 famiharis
483 2671 548 2739 fuit
562 2676 662 2756 atque
677 2693 772 2738 oarus
784 2645 928 2736 Ausonio
938 2666 1167 2753 Burdigalensi
1181 2669 1308 2752 poetae,

173 2785 266 2850 ouius
288 2785 444 2870 epistolae
467 2785 510 2851 ad
533 2806 606 2851 eum
629 2785 770 2869 scriptae
794 2789 933 2868 quatuor
949 2785 1122 2867 supersunt
1131 2779 1182 2866 ³⁸),
1206 2779 1310 2862 equi·

171 2897 234 2963 bus
255 2904 387 2981 poetam
408 2897 501 2963 illum
523 2896 622 2964 tuisse
645 2898 752 2963 elucet
772 2894 969 2962 mediocrem
986 2898 1086 2979 atque
1109 2892 1309 2976 exagitatum

177 3029 247 3076 esse
270 3008 311 3075 ab
334 3011 478 3077 Ausonio
500 3031 619 3095 magna
640 3011 801 3078 libertate.
840 3009 913 3075 Non
935 3031 1022 3090 vero,
1044 3028 1129 3093 quae
1149 3005 1309 3071 Ausonius

173 3121 215 3188 de
238 3143 275 3188 eo
297 3123 412 3205 refert,
445 3123 508 3188 huo
538 3123 617 3190 libet
645 3123 778 3204 afferre3
808 3124 904 3189 unius
927 3125 1037 3188 autem
1059 3119 1123 3185 loci
1145 3118 1229 3184 ratio
1252 3115 1310 3180 ha·

172 3234 281 3302 benda
306 3235 385 3300 mihi
408 3235 552 3319 videtur,
583 3240 697 3322 utpote
726 3237 783 3320 qui
816 3257 929 3302 ansam
958 3231 1145 3318 praebuerit
1172 3221 1308 3295 Erasmo

172 3348 442 3416 Roterodamensi
464 3349 682 3418 confundendi
702 3349 798 3415 huius
821 3348 960 3414 Theonis
983 3367 1056 3412 oum
1079 3345 1153 3426 illo,
1181 3342 1221 3409 de
1244 3361 1308 3426 quo

173 3461 332 3529 Horatius
353 3463 437 3529 illud
463 3462 578 3546 „dente
600 3462 765 3530 Theonino
797 3459 1009 3528 oiroumrodi“
1043 3457 1167 3524 sumsit.
1220 3453 1310 3521 Citat

176 3711 382 3722 ...n-...am-

230 3894 261 3963 Ἡ)
280 3893 333 3950 Gir.
351 3894 392 3948 De
411 3895 531 3948 Sanitate
549 3893 651 3949 tuenda
667 3895 701 3948 Il.
719 3897 743 3950 3.
761 3911 786 3963 p.
810 3893 840 3946 71
861 3908 895 3957 o,
914 3891 972 3947 Vol.
991 3891 1036 3944 VI.
1057 3890 1097 3946 ed.
1118 3890 1239 3944 Charter.

229 4015 261 4085 ³²)
280 4015 334 4071 Ofr.
350 4016 447 4070 Photii.
459 4015 523 4070 bibl.
538 4033 563 4084 p.
579 4015 658 4071 171b.
679 4017 758 4070 177a.
770 4014 886 4068 -Aetii
904 4013 1030 4068 Amideni
1047 4013 1106 4068 libr.
1125 4012 1245 4066 medicis.
1263 4011 1310 4064 ΠΙ.

175 4129 197 4165 c.
217 4111 258 4165 58.
276 4128 302 4180 p.
321 4111 361 4164 53.
380 4109 421 4165 ed.
439 4109 535 4164 Venet.
555 4111 629 4164 1534.
648 4142 680 4151 -
698 4110 801 4178 Vossii,
821 4109 854 4164 de
872 4109 1025 4180 philosoph.
1043 4126 1069 4178 p.
1089 4109 1129 4162 79.
1150 4138 1180 4147 -
1204 4104 1310 4161 Fabrie.

175 4205 240 4261 bibl.
260 4222 298 4275 gr.
316 4207 390 4260 XIIl.
409 4225 435 4276 p.
454 4208 513 4262 747.
532 4238 566 4247 —
584 4205 679 4277 Paulyi
698 4220 754 4260 ene.
772 4205 838 4275 phil.
857 4221 877 4258 r.
896 4219 916 4259 s.
935 4221 960 4256 v.
979 4203 1084 4258 Theon.

229 4327 262 4398 ³³)
282 4325 335 4382 cfr.
353 4327 468 4384 Ausonii
484 4328 571 4400 Epist.
589 4329 665 4384 4-1.
