3098 4908
796 251 840 326 bd

257 455 344 570 tore,
367 473 395 542 si
414 472 509 542 huius
524 471 737 558 Artemidori,-
758 475 849 542 cuius
870 474 990 562 scripta
1011 471 1198 556 mutabant,
1220 469 1378 542 hodiene

256 585 358 656 ullum
378 585 510 672 quidem
531 586 702 672 vestigium
723 591 932 675 superesset.“
978 587 1023 655 At
1050 591 1130 672 quot
1156 590 1378 654 nuntiatores

256 699 473 786 grammatici,
496 715 632 784 quamn
652 699 782 767 nomina
803 705 931 767 tantum
949 701 1125 768 ‘memorium
1142 698 1266 768 ascio
1279 700 1377 767 sunt?

256 811 323 878 Aut
354 810 440 880 undo
472 816 671 898 compertum
701 811 801 878 habat
832 811 902 894 ille,
929 811 1092 880 hodiene
1119 812 1382 898 ullamquidem·

255 922 426 1008 uestigium
457 923 546 992 illins
578 923 639 991 viri
672 925 875 1010 grammatici
895 927 1083 1012 superesse?
1134 924 1248 993 Nonne
1273 923 1377 1020 „imile

256 1055 369 1106 vocum
391 1036 584 1104 comicorum
604 1036 888 1124 interpretationes
913 1042 948 1104 et
973 1037 1009 1106 iu
1038 1036 1270 1106 Callimachum
1292 1049 1378 1105 oom-

255 1149 424 1232 mentsrii‚
447 1167 529 1235 quos
550 1149 749 1234 argumentis
770 1129 858 1218 haud
880 1151 977 1218 certia
998 1150 1234 1236 Aristophaneo
1256 1148 1378 1216 Abram

257 1261 323 1332 sius
337 1260 469 1344 tribuit,
489 1259 533 1330 ad
545 1261 638 1328 illum
652 1263 843 1330 Tarsensem
857 1261 971 1338 referri
985 1263 1145 1348 possunt?
1171 1263 1378 1330 Potissimum

256 1373 433 1444 Absensius
461 1374 506 1442 ad
533 1375 727 1442 sententiam
756 1375 1027 1460 comprobandum
1054 1375 1136 1442 illud
1156 1379 1267 1460 urget,
1291 1375 1378 1460 quod

256 1486 480 1554 Artemidorus
508 1487 565 1555 illo
592 1487 664 1555 loco
685 1470 875 1564 simulomn
896 1488 1039 1556 Diodoro
1059 1488 1259 1571 nominatur,
1282 1509 1378 1574 quem

258 1603 292 1668 et
312 1599 418 1684 ipsum
440 1597 482 1666 ab
503 1599 669 1668 Athenaeo
688 1599 744 1668 IV.
763 1605 857 1668 180e.
876 1600 1049 1668 xusold.
1071 1602 1155 1668 etin
1169 1599 1267 1668 schol.
1282 1600 1374 1668 Pind

256 1711 369 1782 lsthtn.
390 1712 433 1780 11.
452 1717 494 1780 54
508 1712 779 1799 Aristophaneum
792 1717 889 1800 putat
903 1713 1103 1799 appellatum
1118 1733 1196 1780 ease.
1230 1715 1377 1800 Longum

257 1828 323 1906 est,
351 1825 459 1892 omnia
488 1845 572 1910 quaa
601 1825 642 1894 de
669 1826 811 1894 Diodoro
839 1827 1050 1913 grammatico
1077 1849 1099 1894 a
1125 1826 1288 1894 veteribus
1309 1832 1376 1894 tra·

257 1937 378 2006 duntur
398 1939 582 2006 testimonia
602 1938 637 2005 in
658 1959 793 2007 examen
813 1959 945 2023 vocare,
971 1941 1163 2026 praesertim
1185 1921 1285 2026 quum
1305 1939 1376 2007 dili

256 2054 371 2134 genter
401 2049 538 2118 collecta
566 2051 633 2118 siut
659 2051 701 2118 ab
729 2054 801 2138 ipso
830 2053 1001 2145 mensio,
1031 2054 1087 2138 qui
1114 2051 1262 2121 omnibus
1282 2053 1373 2136 locis,

257 2160 375 2250 quihus
395 2163 531 2234 Diodori
552 2164 719 2232 cuuiusdam
744 2171 1034 2234 commemorantur
1060 2181 1112 2232 res
1139 2165 1371 2250 mutinae,

257 2276 436 2344 Diodorum
458 2276 647 2345 Tarsensem
669 2277 710 2345 ab
732 2278 968 2365 Aristophaneo
990 2299 1056 2346 non
1077 2279 1239 2346 &versum
1259 2276 1372 2345 intelli-

258 2388 399 2476 gendum
419 2392 545 2474 censat,
575 2390 708 2476 eiusque
733 2395 876 2458 aetatem
896 2392 931 2458 in
952 2391 1090 2478 Augusti
1111 2391 1247 2478 imperio
1268 2389 1376 2476 ponit,

258 2501 346 2588 quod
359 2508 394 2569 et
408 2500 525 2570 Strabo
540 2503 734 2572 mentionem
749 2504 818 2572 eius
832 2503 961 2572 fecisset
975 2511 1009 2572 et
1023 2525 1096 2571 cum
1110 2505 1234 2590 Apione
1249 2523 1380 2590 operam

258 2615 314 2686 ille
337 2616 614 2703 commanente)
658 2616 805 2684 Couomo
826 2616 957 2704 quidem
978 2617 1153 2701 Abrensio‚
1184 2616 1300 2685 viriam
1322 2617 1381 2683 im·

257 2732 394 2816 perante
407 2728 554 2814 Augusto
569 2727 747 2798 Diodorum
762 2729 927 2815 quendam·
937 2731 1198 2816 grammaticum,
1221 2728 1265 2799 ad
1283 2744 1380 2815 quem

257 2838 337 2928 quid
363 2841 407 2910 sit
431 2839 639 2918 reserandum,
662 2843 809 2910 conluere
835 2863 900 2910 non
928 2843 1020 2926 licet,
1048 2843 1112 2910 uisi
1133 2842 1217 2911 forta
1238 2842 1379 2911 Homero

258 2972 391 3044 operam
417 2953 510 3022 illum
537 2973 671 3024 neumae
698 2974 739 3022 ea
768 2977 806 3024 eo
835 2955 1003 3042 probabile
1030 2955 1086 3040 fit,
1112 2955 1200 3042 quod
1219 2977 1285 3024 una
1307 2977 1381 3024 oum

258 3067 383 3154 Apioue
411 3066 541 3135 citatur.
585 3069 629 3134 At
654 3071 763 3136 utrum
792 3069 1046 3156 Aristophaneus
1074 3069 1304 3154 intelligendus
1325 3071 1379 3152 sit,

258 3180 496 3263 andernensis,
512 3181 611 3248 certis
626 3180 829 3268 comprobari
842 3203 907 3251 non
920 3187 1028 3269 potest
1042 3183 1249 3270 argumentis.
1271 3183 1382 3251 Unum

258 3293 301 3362 ab
328 3293 432 3362 altero
459 3312 524 3363 nou
552 3293 717 3368 diversum
730 3311 827 3379 esse,
855 3297 934 3380 quin
954 3295 1148 3364 Ahrensium
1168 3295 1271 3364 secuti
1293 3297 1382 3364 coni·

261 3409 398 3492 damus,
425 3407 626 3477 dubitatione
646 3408 734 3477 haud
765 3411 881 3496 exigua
912 3409 1121 3496 inpediunt-3
1154 3429 1230 3477 nam
1250 3409 1381 3476 etiamsi

259 3520 394 3590 Diodori
416 3519 594 3589 afferuntur
616 3521 741 3607 glossae
761 3522 895 3590 ltahoae
917 3523 1046 3610 (Athen.
1066 3521 1121 3589 lll.
1144 3527 1205 3590 479
1213 3524 1258 3610 a)
1279 3527 1382 3608 atqua

259 3631 491 3720 Aristophanes
517 3635 592 3721 Byr.
619 3632 681 3702 hoo
709 3634 888 3720 glossarum
917 3635 1206 3722 conquirendorum
1236 3634 1381 3703 studium

258 3769 338 3835 prae
359 3747 484 3815 ceteris
500 3748 638 3834 incepit,
668 3747 795 3815 omnino
823 3748 968 3817 conicere
990 3749 1168 3832 nonlicet,
1201 3747 1381 3816 Diodorum

258 3863 393 3950 propter
414 3860 592 3948 glossarum
618 3860 806 3929 Italioarum
832 3862 1124 3949 conquirendorum
1149 3859 1292 3930 studium
1320 3883 1380 3948 ap·
1409 3955 1412 3960 ι

258 3971 415 4061 pellatam
430 3993 500 4042 esse
516 3972 803 4062 Aristophanem
825 3975 920 4044 multi
935 3974 1019 4044 enim
1034 3974 1237 4064 grammatici
1252 3975 1380 4064 glossas

258 4184 461 4194 Ἣ

310 4332 343 4400 ⁴⁸)
361 4330 415 4388 on.
434 4330 546 4388 sesses
563 4330 681 4388 mauu.
699 4349 725 4404 p.
744 4334 801 4388 ras.
824 4359 849 4373 ⁴-
871 4333 969 4389 ausa
987 4331 1033 4388 uu.
1052 4332 1136 4389 eoae.
1154 4333 1232 4389 asae.
