3098 4908
245 1190 424 1308 Historiam
440 1263 576 1326 graecae
592 1243 824 1326 grammaticae
839 1241 1061 1327 perscribendi
1076 1243 1133 1327 qui
1155 1245 1314 1312 molestis·

179 1363 296 1428 simum
327 1384 365 1430 ao
401 1362 626 1430 difficillimum
659 1363 720 1430 sibi
753 1365 944 1449 imposuerit
976 1365 1157 1449 negotium,
1191 1365 1315 1432 trustra

178 1475 341 1560 requires;
364 1476 495 1561 prolata
517 1477 648 1561 quidem
670 1477 705 1543 in
719 1476 825 1544 lucem
842 1482 893 1544 est
915 1476 1189 1545 aGraefenhanio
1211 1478 1315 1564 philo·

178 1589 283 1673 legiae
308 1589 464 1655 classicae
486 1588 633 1672 historia,
657 1611 740 1674 quae
763 1595 874 1656 tamen
889 1590 1032 1656 omnium
1047 1567 1190 1657 virorum
1205 1591 1315 1658 docto·

178 1723 250 1766 rum
272 1723 430 1798 consen-su
457 1701 592 1770 abortus
613 1703 734 1787 magis,
766 1724 865 1787 quam
891 1708 1040 1769 maturus
1068 1702 1242 1770 habendus⁴
1265 1710 1324 1770 est

164 1807 318 1898 1111111,
347 1815 382 1881 id
413 1816 500 1900 quod
529 1837 606 1882 sane
635 1837 700 1882 non
722 1817 842 1882 mirum
864 1819 915 1882 est
937 1816 978 1882 ob
1000 1817 1165 1901 ingentem
1187 1817 1314 1902 copiam

178 1930 480 2012 grammaticorum,
511 1950 649 2013 quorum
678 1929 809 1995 nomina
836 1950 875 1996 ao
898 1928 1082 2014 fragmenta
1103 1951 1218 2015 sparsa
1240 1951 1315 1998 oon·

179 2038 315 2124 fusaque
338 2047 396 2108 aut
418 2047 578 2126 apparent
599 2042 634 2106 in
656 2046 802 2108 veterum
824 2042 956 2126 scriptis
978 2046 1036 2108 aut
1062 2043 1247 2110 etiamnunc
1268 2043 1316 2108 la

178 2158 250 2219 tent
271 2154 306 2219 in
328 2153 420 2221 libris
442 2154 674 2239 manuscriptis
696 2153 838 2219 ineditis.
873 2154 963 2233 Quae
987 2155 1201 2238 componendi
1216 2159 1314 2239 atque

177 2265 221 2332 ad
235 2266 393 2350 imagines
408 2273 580 2333 auctorum
596 2265 782 2334 conferendi
800 2267 936 2332 nimium
952 2271 1003 2332 est
1016 2267 1194 2351 negotium,
1218 2287 1315 2351 quam

177 2385 215 2445 ut
230 2380 325 2446 unius
341 2379 484 2446 humeris
498 2381 621 2464 imponi
636 2380 749 2465 possit.
789 2379 1006 2458 Quamobrem
1029 2383 1063 2445 et
1084 2381 1154 2464 ipse
1168 2379 1316 2445 111111111-

117 2542 120 2547 -
177 2493 249 2574 lius,
273 2493 322 2558 vir
346 2470 499 2559 scientiae
522 2493 630 2577 copia,
654 2493 801 2558 acumine
824 2492 1011 2576 ingeniique
1034 2491 1163 2558 dotibus
1186 2491 1314 2576 egregie

176 2605 359 2690 praeditus,
383 2626 579 2690 quamquam
601 2605 770 2672 historiam
793 2626 929 2688 graecae
951 2605 1183 2689 grammaticae
1204 2603 1312 2670 moliri

178 2740 212 2784 se
234 2719 268 2783 in
289 2718 433 2803 prolegg.
463 2718 505 2785 ad
528 2718 683 2784 Theodul.
713 2741 766 2802 pg.
790 2717 837 2782 XI
866 2724 899 2784 et
927 2719 962 2784 in
990 2721 1161 2784 comment.
1186 2717 1227 2783 de
1251 2715 1315 2782 Oro

179 2832 238 2915 §1
270 2831 453 2914 indicabat,
486 2853 552 2898 non
577 2833 644 2897 iam
672 2836 772 2898 tenax
800 2831 929 2897 videtur
956 2830 1052 2897 huius
1081 2830 1217 2897 consilii.
1272 2829 1316 2892 At

179 2944 310 3010 etiamsi
338 2944 401 3010 huc
431 2966 534 3029 usque
565 2945 733 3011 universae
761 2944 993 3029 grammaticae
1015 2942 1153 3010 historia
1173 2940 1316 3012 nondum

179 3059 364 3143 conscripta
380 3063 439 3140 est,
459 3058 633 3125 derelictus
649 3062 759 3124 tamen
774 3057 826 3124 1111
841 3058 931 3124 locus
945 3056 1185 3142 philologorum
1200 3053 1316 3120 studiis

179 3191 386 3256 nequaquam
408 3176 517 3256 potest
539 3171 708 3256 appellari.
762 3171 899 3237 Plurimi
928 3170 1014 3236 enim
1045 3167 1188 3252 singulos
1211 3187 1316 3252 gram²

179 3284 317 3350 matioos
340 3285 551 3350 commentati
581 3289 657 3350 sunt
683 3284 841 3368 singulari
864 3283 1040 3367 scriptione
1062 3280 1104 3347 ab
1125 3282 1206 3366 ipsis
1228 3280 1317 3364 prin-

179 3396 305 3481 cipibus
328 3398 450 3480 exorsi,
481 3419 563 3481 quos
592 3399 724 3482 longum
753 3401 805 3462 est
832 3417 1023 3463 enumerare
1054 3415 1174 3461 omnes.
1220 3391 1316 3457 Multi

180 3530 256 3576 vero
279 3515 407 3576 restant
429 3511 650 3596 grammatici,
683 3510 723 3576 de
751 3508 868 3594 quibus
891 3507 1023 3575 uberius
1042 3507 1106 3573 huc
1128 3526 1229 3589 usque
1251 3525 1317 3570 non

181 3627 232 3687 est
261 3627 389 3705 actum,
424 3643 622 3707 quamquam
655 3623 771 3689 humili
802 3623 874 3688 loco
907 3643 972 3688 non
1003 3625 1079 3686 1111
1107 3617 1248 3684 habendi
1278 3640 1317 3684 ex

180 3755 356 3820 eorumque
382 3735 638 3820 fragmentorum
664 3735 923 3821 perscrutatione
945 3735 1003 3799 lux
1024 3731 1113 3799 haud
1135 3731 1253 3816 exigna
1274 3730 1316 3796 ad

181 3848 353 3915 nonnullas
381 3849 613 3934 grammaticae
644 3848 832 3933 disciplinas
859 3846 1042 3914 redundare
1069 3850 1187 3930 potest.
1235 3843 1315 3923 Quo-

181 3982 253 4026 rum
283 3961 318 4026 in
345 3984 515 4028 numerum
543 3983 622 4046 prae
658 3962 775 4027 ceteris
803 3959 996 4042 referendus
1021 3958 1149 4024 uidetur
1178 3956 1317 4022 Theon

182 4077 498 4158 grammaticus,
522 4076 577 4160 qui
600 4074 718 4158 dignus
741 4073 865 4155 111111
888 4094 952 4158 quo
967 4072 1070 4137 fusius
1086 4076 1213 4154 agatur.
1253 4067 1317 4134 Gur

182 4189 292 4252 autem
309 4188 349 4254 de
361 4188 491 4254 Theona
506 4186 637 4253 uberius
653 4186 812 4253 disserere
824 4185 904 4250 mihi
915 4183 1139 4269 proposuerim
1155 4200 1316 4266 quamque

181 4291 341 4366 rationem
364 4302 492 4367 inierim
514 4301 576 4367 hac
599 4302 633 4366 in
654 4301 794 4366 materia
814 4297 996 4378 tractanda,
1020 4297 1132 4381 paucis
1148 4314 1315 4379 exponam.

1148 4421 1161 4468 1
