3098 4908
750 265 771 338 3

659 361 866 376 *κ

258 488 349 564 Quae
378 505 478 569 quum
507 487 555 552 ita
585 487 665 568 sint,
701 485 763 552 hac
794 505 893 552 causa
927 492 1093 571 permotus
1130 486 1330 570 gravissima,

195 599 282 685 quod
304 599 368 664 huo
392 619 494 682 usque
516 599 625 664 nullus
652 599 749 666 homo
772 605 930 683 quantum
953 599 1020 664 scio
1036 598 1199 682 ‘peculiari
1220 597 1330 664 libello

194 712 334 778 Theonis
358 710 494 794 effigiem
518 711 612 795 quasi
641 712 774 796 pulvere
797 711 970 778 obductam
994 731 1011 776 e
1034 712 1099 775 situ
1122 710 1330 795 tenebrisque

193 827 228 890 in
251 825 324 890 luce
347 824 519 889 collocavit
541 823 688 905 clariore,
711 845 776 890 non
799 845 894 909 spero
917 844 1017 909 opera
1034 829 1067 888 et
1083 823 1149 889 otio
1164 844 1216 889 me
1231 824 1330 890 fuisse

194 937 381 1018 abusurum,
404 937 441 1017 si,
465 957 549 1019 quae
572 936 612 1002 de
628 937 757 1002 Theone
779 937 886 1002 adhuc
908 941 1038 1001 exstant
1060 957 1160 1019 quum
1183 958 1222 1002 ex
1245 937 1329 1001 anti-

192 1050 327 1134 quitatis
340 1055 410 1114 tum
422 1049 613 1114 recentioris
621 1049 777 1132 temporis
789 1047 1003 1133 scriptoribus
1015 1049 1210 1130 testimonia,
1222 1048 1328 1115 denuo

191 1183 317 1228 summa
346 1184 419 1227 cum
447 1183 526 1226 cura
555 1162 740 1245 collegerim
768 1167 866 1246 atque
893 1163 979 1227 inter
1008 1182 1041 1226 se
1065 1161 1328 1246 comparaverim,

192 1297 295 1358 neque
310 1281 390 1359 puto
406 1280 482 1340 acta
497 1296 548 1340 me
571 1296 677 1358 agere,
701 1274 767 1355 se'd,
791 1295 890 1358 quum
905 1273 986 1339 nihil
1009 1274 1052 1339 sit
1074 1274 1108 1339 in
1125 1273 1239 1339 studiis
1255 1295 1329 1357 par-

193 1410 281 1468 vum,
317 1387 463 1453 conferre
498 1388 621 1472 aliquid
654 1388 696 1452 ad
729 1388 960 1472 grammaticae
990 1407 1127 1472 graecae
1160 1385 1330 1451 historiam

184 1499 456 1584 componendam.

255 1614 335 1678 Rem
357 1633 433 1678 vero
456 1633 562 1677 meam
583 1612 631 1676 ita
653 1613 833 1693 instituam,
855 1617 894 1676 ut

345 1726 510 1810 primum
541 1724 585 1789 de
612 1724 782 1790 diversis
813 1719 922 1809 agam
945 1723 1183 1804 Theonibus,
1213 1723 1280 1807 qui
1309 1743 1330 1788 a

298 1837 500 1904 veteribus
523 1837 786 1922 scriptoribus
809 1843 1174 1918 commemorantur,

345 1951 487 2016 deinde
511 1973 528 2015 e
551 1972 689 2034 magno
712 1953 903 2032 virorum,
935 1950 1077 2034 quibus
1105 1970 1244 2015 nomen
1271 1955 1330 2014 est

297 2065 444 2144 Theon,
468 2085 625 2129 numero
648 2065 735 2148 quis
759 2064 887 2129 Theon
910 2062 1029 2128 fuerit
1052 2062 1329 2146 grammaticus

298 2177 574 2256 demonstrem,

345 2295 426 2356 tum
449 2289 494 2355 de
517 2287 723 2374 operibus,
759 2310 858 2374 quae
880 2287 943 2353 illi
967 2287 1045 2353 sint
1075 2285 1328 2369 vindicanda,

298 2403 389 2470 mihi
412 2405 490 2469 erit
513 2402 794 2487 disputandum
817 2401 939 2485 deque
961 2399 1209 2483 fragmentis,
1233 2420 1329 2484 quae

300 2537 437 2602 sparsa
466 2522 674 2600 apparent,
705 2515 872 2580 Theonis
895 2513 1050 2578 nomine
1073 2519 1141 2578 aut
1172 2513 1329 2578 adiecto

300 2635 368 2695 aut
391 2629 547 2709 omisso,
570 2629 609 2693 in
632 2635 804 2693 veterum
828 2627 970 2691 lexicis
993 2646 1036 2690 ac
1059 2624 1231 2690 scholiis.
