3098 4908
703 1201 792 1282 11..

315 1409 432 1526 Quis
464 1411 612 1501 tuerit
642 1409 805 1498 Theon
833 1411 1180 1524 grammaticus.

692 1641 795 1669 ..Ἴ-..-

245 1783 304 1910 dui
319 1832 495 1916 scriptores
510 1831 546 1896 in
561 1835 707 1896 veterum
721 1829 916 1896 testimoniis
931 1835 1140 1896 recensentur
1155 1829 1310 1911 Theones,

176 1971 290 2018 eorum
313 1951 452 2018 vidimus
476 1953 598 2037 scripta
621 1951 664 2018 ad
684 1951 938 2037 philosophiam,
971 1956 1077 2018 artem
1105 1950 1311 2032 rhetoricam,

178 2062 458 2147 mathematicam,
496 2066 746 2132 astronomicam
779 2065 968 2150 pertinere3
1010 2065 1156 2130 citantur
1181 2062 1312 2148 quidem

175 2197 292 2242 eorum
313 2175 377 2261 ipsi
400 2177 634 2260 commentarii,
658 2179 715 2262 qui
736 2199 836 2262 quum
857 2178 892 2243 in
913 2175 1011 2242 rebus
1025 2177 1130 2262 magis
1143 2181 1313 2243 versentur

173 2289 407 2373 investigandis
430 2310 528 2374 quam
550 2291 585 2356 in
606 2291 802 2375 scriptorum
825 2289 953 2356 dicendi
968 2291 1095 2356 ratione
1111 2287 1312 2375 explicanda,

174 2401 262 2466 inter
292 2423 401 2468 ornnes
432 2424 513 2488 quos
544 2403 730 2469 enumeravi
759 2403 907 2469 Theones
936 2404 1111 2487 quisquam
1139 2401 1218 2466 mihi
1247 2421 1312 2467 non

177 2513 277 2580 fuisse
300 2515 444 2597 videtur,
469 2516 524 2600 qui
547 2537 678 2601 operam
700 2493 959 2600 industriamque
980 2516 1015 2581 in
1037 2515 1135 2582 meris
1157 2515 1313 2599 propriis-

176 2647 240 2711 que
256 2627 374 2692 studiis
390 2629 612 2712 grammaticis
628 2630 844 2696 collocaverit.
889 2629 939 2695 De
954 2628 1166 2713 grammatico
1182 2627 1313 2712 quidem

175 2739 306 2806 Theona
321 2741 411 2826 apud
424 2741 635 2807 Plutarchum
650 2763 721 2809 esse
743 2762 933 2827 sermonem,
956 2761 1056 2826 supra
1070 2762 1102 2825 p.
1118 2745 1137 2805 8
1154 2761 1223 2825 sqq.
1246 2740 1312 2806 iam

175 2853 302 2934 monui3
324 2854 417 2920 illum
439 2875 515 2920 vero
538 2854 675 2921 eundem
700 2875 771 2920 csse
791 2860 890 2938 atque
907 2854 1118 2940 Smyrnaeum
1141 2852 1181 2919 ob
1198 2872 1313 2918 causas

176 2985 277 3050 supra
299 2967 418 3032 allatas
439 2967 521 3032 nihil
543 2967 688 3053 impedit,
713 2969 884 3052 quominus
900 2967 1112 3053 suspicemur.
1150 2966 1313 3032 Theonem
1357 2979 1362 2989 ’

176 3081 277 3162 enim,
303 3103 400 3166 quem
422 3083 669 3166 grammaticum
692 3087 750 3148 aut
772 3081 917 3148 sodalem
940 3079 1086 3166 appellat
1107 3078 1312 3160 Plutarchus,

176 3193 225 3259 ita
247 3193 467 3277 disputantem
489 3194 632 3276 inducit,
662 3200 701 3260 ut
730 3195 882 3281 peritiam
904 3199 938 3260 et
959 3191 1131 3280 poetarum
1154 3198 1186 3258 et
1208 3195 1314 3258 astro·

176 3304 307 3370 nomiae
334 3307 363 3371 ei
393 3306 535 3374 tribuere
564 3328 733 3392 eugamon
763 3308 931 3392 proprium
959 3327 1034 3373 vero
1064 3307 1312 3390 grammaticum

177 3416 272 3482 illum
293 3416 394 3485 tuisse
410 3440 474 3512 cur
495 3426 645 3506 putemus
660 3443 725 3487 non
741 3425 791 3486 est
806 3441 914 3486 causa.
950 3419 1039 3499 Quae
1062 3438 1161 3503 quum
1176 3418 1224 3484 ita
1239 3417 1312 3499 sint,

177 3551 279 3614 opera
295 3535 517 3616 grammatica,
541 3556 624 3618 quae
641 3534 780 3601 Theonis
796 3531 965 3599 cuiusdam
980 3531 1109 3617 saepius
1125 3529 1311 3609 laudantur,

177 3643 303 3710 Theoni
323 3645 499 3712 tribuenda
521 3647 672 3714 videntur
694 3647 735 3714 ab
759 3645 907 3714 omnibus
930 3660 1030 3730 supra
1051 3642 1196 3710 laudatis
1216 3642 1313 3726 longe

178 3755 316 3840 diverso,
340 3765 439 3844 atque
460 3759 545 3825 hanc
567 3761 797 3842 coniecturam,
821 3779 1019 3845 quamquam
1040 3756 1084 3824 ad
1105 3757 1211 3842 ipsam
1232 3756 1314 3821 veri·
1416 3785 1430 3794 -

177 3874 282 3934 tatem
305 3872 459 3938 accedere
481 3894 546 3939 non
567 3893 663 3959 posse
684 3873 764 3939 mihi
791 3875 855 3959 ipsi
883 3870 1051 3940 fatendum
1080 3875 1147 3952 est,
1180 3871 1314 3954 propius

176 3983 332 4052 accedere
354 3989 467 4052 tamen
488 3991 568 4077 puto
591 3985 634 4052 ad
655 3987 803 4053 veritatis
826 3986 1080 4053 similitudinem.

245 4096 484 4176 Quaerentibus
505 4104 615 4165 autem
638 4103 784 4165 veterum
806 4099 993 4166 testimonia
1021 4098 1061 4164 de
1083 4097 1229 4178 Theona,
1261 4094 1313 4160 oui

178 4208 303 4294 scripta
326 4213 540 4296 grammatica
561 4213 596 4278 in
618 4210 748 4280 scholiis
778 4235 817 4280 ac
839 4213 950 4279 lexicis
971 4211 1100 4298 saepius
1123 4229 1314 4277 commemo-

177 4326 252 4392 rata
273 4325 432 4393 vindicari
453 4327 591 4413 possint,
615 4349 697 4394 unus
721 4327 809 4394 solus
831 4327 973 4394 occurrit
992 4325 1103 4394 Theon
1126 4323 1314 4412 grammati-
