3098 4908
765 236 809 312 bi

217 457 354 526 subinde
377 479 454 526 vero
476 477 555 528 nevo
578 457 760 542 posteriore
782 457 952 524 brevitatis
969 457 1115 525 studioso
1131 460 1302 543 epotiore
1325 466 1358 532 et

215 573 343 642 notiore
359 576 493 638 nuctore
509 569 598 638 faece
613 571 658 637 sit
673 568 902 644 denominatio.
937 569 976 636 In
994 590 1033 639 eo
1049 588 1126 640 uero
1145 591 1166 640 c
1185 571 1358 641 Schmidtii

215 682 379 752 sententie
400 680 533 764 recedo,
562 679 651 766 quod
672 681 837 752 Thoonem
860 683 950 752 etin
972 681 1141 753 condendo
1163 682 1267 750 lexico
1289 688 1358 754 tru-

216 795 288 880 gico
311 794 443 879 Didymi
464 793 567 859 fuisse
589 797 774 860 consortem
796 814 889 878 nego,
912 815 1013 878 quum
1036 794 1077 864 de
1099 795 1238 864 Theonis
1253 795 1356 864 lexico

215 906 342 990 tregico
371 925 492 989 magna
520 904 630 972 select
657 904 830 976 dubitatio.
881 906 953 985 Qun
980 907 1108 976 ratione
1137 906 1296 990 Didymus
1322 906 1357 970 in
1472 933 1475 941 ·

214 1016 384 1086 condendo
406 1017 511 1086 lexico
533 1018 657 1086 comico
680 1018 845 1087 Thoonem
865 1017 989 1088 loboris
1011 1019 1136 1086 socium
1158 1016 1355 1099 adhibuerit,

214 1127 373 1196 indicium
402 1127 568 1212 quoddam
595 1133 630 1195 tc
657 1147 835 1213 agnoscere
856 1135 937 1214 puto
960 1129 995 1198 in
1016 1131 1089 1214 ipse
1110 1128 1266 1213 Hesychii
1288 1130 1356 1213 epi-

214 1242 315 1322 stola,
346 1241 403 1307 ubi
432 1242 539 1324 Apion
567 1245 602 1306 et
630 1240 822 1326 Apollonius
851 1240 953 1310 lexeis
981 1241 1153 1326 scripsisse
1180 1239 1357 1310 traduntur

212 1353 404 1421 homericae.
442 1353 492 1420 De
511 1353 637 1437 Apicne
657 1357 692 1422 et
711 1352 887 1437 Apollonio
912 1351 1132 1438 comparanda
1155 1358 1246 1434 sunt,
1271 1373 1355 1435 quae

214 1465 342 1534 erudite
371 1470 471 1550 atque
498 1470 594 1532 ceute
625 1463 825 1532 Villoisonus
853 1464 1008 1532 disseruit
1043 1465 1078 1530 in
1113 1464 1355 1548 Prolegomenis

215 1576 260 1646 od
279 1576 446 1660 Apollonii
467 1575 596 1644 lexicon
617 1597 671 1660 pg.
694 1574 749 1643 VI.
773 1595 861 1660 sqq.,
884 1574 941 1643 nbi
964 1576 1173 1660 Apollonium
1194 1575 1354 1659 Apionem

213 1709 413 1772 quemquam
442 1687 703 1756 recentissimum
729 1693 765 1754 et
793 1687 990 1772 discipulum
1020 1707 1116 1756 suum
1137 1686 1275 1755 laudere
1297 1707 1355 1769 po-

212 1802 316 1868 tuisse
338 1801 437 1866 immo
460 1804 494 1866 et
516 1799 667 1868 debuisse
690 1799 950 1880 demonstretur,
979 1819 1119 1882 cumque
1140 1798 1355 1882 praestantis-

212 1911 331 1978 simum
351 1911 487 1996 Apionis
510 1932 591 1996 opus
607 1911 671 1978 sibi
684 1912 855 1995 proprium
868 1909 985 1980 fecisse
999 1911 1136 1977 meliore
1149 1908 1353 1994 excerpendo

212 2025 366 2106 sequiora
393 2023 558 2090 reiciendo
589 2043 628 2090 nc
659 2021 760 2091 dubie
790 2026 944 2091 accurate
973 2022 1221 2108 perpendendo,
1251 2021 1354 2104 megi·

214 2135 340 2220 strique
361 2156 458 2204 usum
480 2135 614 2204 licentia
635 2134 790 2218 discipuli
811 2134 864 2201 sui
885 2135 1014 2202 lexicon
1034 2135 1070 2200 in
1097 2155 1193 2201 suum
1221 2153 1355 2203 succum

212 2267 252 2314 ec
277 2246 470 2330 sanguinem
500 2247 713 2324 convertisse,
743 2246 780 2313 id
809 2244 897 2329 quod
926 2267 964 2312 eo
991 2241 1163 2334 probabile
1188 2245 1242 2328 iit,
1266 2243 1354 2329 quod

211 2357 348 2440 Apionis
376 2358 459 2425 nihil
485 2357 583 2428 hodie
610 2357 679 2428 fere
713 2363 877 2442 superest,
909 2357 975 2424 nisi
1004 2357 1092 2442 quod
1115 2357 1157 2430 eb
1180 2356 1353 2442 Apollonio

212 2473 377 2534 semotum
399 2472 459 2535 est.
496 2467 588 2534 Idem
610 2469 771 2538 eccidisse
792 2469 883 2538 haud
904 2470 992 2538 mule
1013 2470 1191 2540 conieceris
1213 2468 1354 2540 Theonis

83 2658 85 2667 Ι
211 2579 317 2646 lexico
339 2579 481 2660 comicc;
513 2578 602 2663 quod
630 2601 731 2663 quum
759 2582 919 2667 Didymus
947 2603 1006 2651 sno
1035 2582 1140 2650 lexico
1168 2582 1353 2665 inseruerit,

212 2691 309 2758 focile
330 2689 403 2784 fieri
424 2691 549 2776 potuit,
579 2696 618 2759 ut
647 2692 805 2776 Didymus
834 2695 940 2762 lexico
964 2695 1086 2760 comico
1108 2695 1209 2763 unitis
1231 2692 1354 2762 viribus

213 2803 343 2870 condito
371 2825 490 2872 nomen
519 2802 647 2872 dederit
673 2805 852 2889 συμμίκτῳ.
883 2807 1012 2890 Negare
1041 2805 1174 2890 quidem
1195 2805 1285 2887 nolo,
1308 2804 1354 2870 lc·

211 2916 306 2986 uicem
322 2917 481 2984 comicum
496 2911 675 2998 σύμμικτον
693 2916 857 3000 proficisci
870 2918 1017 3002 potuisse
1032 2917 1075 2986 cb
1091 2918 1156 2984 alio
1171 2917 1354 2987 recentiore

211 3028 351 3098 fortusse
373 3028 604 3113 grammatico,
628 3029 684 3112 qui
706 3029 820 3114 priore
841 3029 948 3097 lexice
970 3031 1096 3096 comice
1110 3031 1145 3097 in
1159 3051 1261 3097 unum
1277 3050 1353 3096 con-

211 3140 349 3224 gesserit
369 3161 508 3226 eemque
530 3140 572 3208 ob
596 3159 730 3208 oensem
751 3141 837 3208 hene
859 3140 1086 3210 collectionem
1104 3137 1282 3224 σύμμικτον
1296 3162 1353 3208 no·

211 3253 394 3320 minaverit.
438 3253 523 3320 Utnt
550 3273 605 3322 ree
636 3273 672 3320 se
699 3251 815 3334 hebet,
837 3252 873 3319 id
894 3275 995 3320 unum
1017 3259 1163 3336 constet,
1187 3254 1351 3320 Thoonem

211 3363 376 3450 quendem
398 3364 567 3452 scripsisse
589 3365 718 3434 lexicon
740 3365 908 3436 comicum.
945 3365 1043 3434 Hunc
1058 3371 1169 3434 eutem
1185 3365 1350 3432 Theonem

210 3497 277 3545 non
298 3476 463 3546 diversum
484 3498 555 3546 esse
578 3476 621 3544 ab
643 3478 716 3560 illo,
736 3497 834 3562 quem
848 3478 1104 3562 interpretatum
1118 3497 1190 3544 esse
1205 3476 1351 3547 diversos

210 3592 328 3673 poetas
351 3609 451 3672 supra
472 3589 621 3672 vidimus,
645 3605 685 3656 er
705 3591 772 3660 illis
794 3590 877 3660 setis
898 3595 1012 3674 petere
1034 3588 1244 3670 arbitremur,
1265 3609 1352 3676 ques

211 3701 252 3772 de
274 3700 438 3784 Hesychii,
461 3701 670 3785 Diogenieni,
693 3702 830 3784 Vestini,
853 3701 1015 3788 Pamphili
1036 3702 1149 3773 lexicis
1171 3702 1352 3788 disputavi-

211 3835 301 3896 mus,
323 3813 410 3883 unde
431 3813 647 3882 concludatur
667 3834 802 3883 neccsse
823 3819 890 3897 est,
919 3815 1083 3886 Theonem
1111 3816 1209 3886 loxici
1234 3815 1350 3886 comici

212 3925 413 3996 conditorem
434 3925 605 4011 Pamphito
627 3947 654 3994 c.
678 3926 752 3996 Ohr.
768 3949 800 3994 n.
822 3928 924 3998 vitem
945 3927 1084 4014 degente
1105 3933 1165 4000 sut
1184 3929 1350 4014 meque

210 4059 280 4107 rem
307 4044 368 4108 eut
396 4045 484 4109 certe
513 4038 564 4108 illi
592 4038 694 4108 fuisse
724 4041 911 4126 aequalem,
941 4040 1029 4127 quod
1057 4040 1140 4110 bone
1169 4041 1273 4110 cetsti
1299 4061 1350 4110 re-

211 4151 350 4236 spondet
372 4151 521 4234 Theonis,
545 4172 642 4237 quem
657 4151 765 4236 Apion
786 4159 917 4224 secutus
931 4158 993 4224 est.
1026 4153 1112 4223 Nem
1133 4175 1175 4224 es
1189 4175 1237 4240 ec,
1261 4154 1349 4242 quod

210 4263 245 4328 in
266 4263 421 4348 Hesychii
441 4265 582 4350 epistole
604 4263 744 4334 Theonis
766 4285 883 4336 nomen
904 4268 996 4352 prius
1018 4268 1152 4354 ponitur
1174 4287 1274 4352 quam
1292 4267 1350 4336 Di-

1177 4391 1194 4443 9
