3098 4908
698 226 903 338 *eq*

231 453 299 516 tem
321 447 507 529 accederet,
540 447 658 516 mirum
687 469 764 514 saue
792 447 972 530 videretur,
1002 467 1161 531 nusquam
1191 446 1231 512 de
1260 446 1369 514 lexico

233 563 355 630 comico
377 562 412 628 in
433 560 534 628 libros
557 560 660 628 diviso
682 581 863 628 sermonem
885 581 973 644 esse,
1003 582 1164 645 nusquam
1192 559 1232 629 de
1260 560 1368 628 lexico

231 676 357 762 tragico
387 673 577 759 συμμίκτῳ;
609 673 644 742 id
679 672 767 758 quod
794 675 865 760 ipse
893 674 1056 742 intellexit
1077 672 1252 754 Weberus,
1286 693 1370 756 qua·

231 793 368 874 propter
389 788 480 855 nulla
502 788 568 855 alin
590 788 678 856 nisus
701 808 815 870 causa,
839 809 938 872 quam
960 785 1213 872 aequabilitatis,
1237 786 1367 854 conclu-

231 900 373 970 dendum
403 923 473 968 esse
502 900 595 982 dicit,
630 902 728 968 etiam
756 901 882 968 lexicon
915 901 1072 968 comicum
1102 898 1195 966 libris
1227 898 1367 968 divism

231 1015 394 1082 exstitisse
416 1019 515 1098 atquo
538 1015 697 1098 tragicam
723 1013 809 1094 λέξιν
832 1009 1019 1095 σύμμικτον.
1064 1013 1174 1080 Etiam
1196 1012 1323 1094 longius
1346 1033 1367 1082 a

232 1127 370 1194 veritate
400 1126 569 1209 abhorret,
600 1127 687 1212 quod
709 1127 866 1194 Weberus
897 1127 998 1209 idem,
1032 1125 1121 1211 quod
1148 1127 1183 1190 in
1204 1124 1368 1210 Pamphili

231 1240 336 1306 lexico
358 1240 579 1324 Diogenianus
601 1246 714 1324 postea
736 1240 878 1321 fecisset,
912 1246 949 1307 ut
970 1240 1057 1314 illius
1079 1239 1206 1306 lexicon
1227 1258 1369 1306 commo*

231 1353 315 1420 dicri
338 1351 444 1418 ordini
467 1352 700 1437 adstringeret,
734 1354 907 1438 Didymum
936 1354 1042 1437 ipsum
1069 1351 1150 1418 dicit
1176 1351 1367 1436 suscepisse,

232 1486 332 1549 quum
353 1466 430 1532 talis
453 1465 630 1532 lexicorum
652 1466 732 1534 ordo
756 1487 793 1532 eo
815 1471 962 1550 tempore
980 1465 1198 1554 maximopere
1214 1462 1368 1530 discenti·

232 1576 293 1644 bus
315 1579 476 1663 placuisse
505 1578 678 1644 videretur.
731 1579 815 1644 Nam
842 1573 932 1646 haud
961 1578 1057 1644 facile
1084 1577 1280 1644 credendum
1307 1582 1367 1658 est,

175 1735 181 1746 ·
231 1693 319 1775 ipsos
342 1691 571 1774 grammaticos
602 1713 732 1758 suorum
768 1693 913 1777 ipsorum
947 1714 1081 1778 operum
1111 1691 1266 1776 epitomes
1301 1689 1368 1756 sive

231 1803 412 1888 farragines
435 1803 621 1885 confecisse,
644 1825 709 1888 quo
732 1805 869 1882 accedit,
893 1805 981 1889 quod
996 1805 1153 1889 Didymus
1171 1807 1369 1870 commenta-

229 1917 298 1983 rios
322 1938 450 2002 quoque
473 1918 653 2001 composuit
679 1919 713 1986 in
743 1919 886 2001 singulos
909 1921 1025 2002 po‘e'tas
1048 1919 1187 1984 comicos
1209 1919 1243 1982 et
1264 1916 1369 2000 tragi-

234 2050 298 2110 cos,
315 2051 450 2114 eamque
466 2029 507 2096 ob
524 2051 655 2096 causam
670 2030 773 2096 multa
788 2032 822 2096 in
837 2030 902 2096 illis
919 2032 984 2096 iam
1000 2031 1168 2114 disputata
1184 2030 1252 2096 sine
1267 2028 1369 2096 dubio

232 2150 264 2211 et
287 2144 367 2229 ipsis
389 2143 424 2208 in
447 2144 559 2210 lexicis
581 2149 728 2228 repetere
752 2148 885 2210 coactus
900 2149 984 2224 erat3
1007 2141 1138 2210 fluxisse
1154 2141 1239 2208 enim
1260 2142 1369 2208 lexioa
1391 2134 1397 2142 ⁸

232 2257 389 2325 comicum
413 2261 445 2322 et
468 2255 628 2339 tragicum
651 2277 691 2323 ex
712 2256 783 2322 istis
800 2256 1049 2337 commentariis,
1073 2255 1178 2322 acutis
1200 2254 1367 2338 firmisque

232 2369 429 2454 argumentis
453 2368 666 2448 Schmidtius,
698 2369 772 2434 Did.
802 2368 840 2434 sr.
869 2391 921 2454 pg.
950 2373 990 2434 93
1022 2390 1111 2453 sqq.,
1141 2368 1245 2436 evicit.
1295 2368 1369 2434 Hoc

231 2504 307 2550 vero
324 2483 463 2552 Theonis
478 2503 577 2566 opera
599 2481 723 2548 factum
739 2502 808 2548 esse
824 2481 971 2548 Naberus
988 2483 1124 2550 coniecit
1139 2483 1173 2550 in
1188 2481 1367 2566 prolegom.

231 2596 274 2662 ad
295 2596 404 2663 Photii
425 2596 517 2662 lexic.
540 2616 593 2679 pg.
617 2599 653 2676 9,
686 2595 777 2662 cuius
806 2595 887 2661 haec
909 2600 985 2660 sunt
1006 2595 1123 2662 rerba:
1160 2617 1242 2677 ,non
1264 2594 1369 2677 ipsius

230 2710 361 2794 Didymi
383 2729 484 2793 opera
505 2708 566 2775 hoc
592 2707 714 2776 factum
741 2713 804 2786 est,
836 2708 893 2776 sed
907 2707 1072 2786 Theonis,
1107 2709 1163 2792 qui
1185 2730 1291 2794 quum.
1308 2713 1369 2777 aut

230 2821 311 2888 nihil
334 2827 394 2890 aut
414 2844 530 2906 parum
554 2821 594 2888 de
617 2842 675 2888 sno
698 2821 894 2903 addidisset,
923 2822 1028 2887 multa
1049 2823 1259 2902 resecuisset,
1284 2843 1368 2905 opus

230 2955 295 3002 non
318 2956 375 3002 suo
397 2935 526 3002 nomine
549 2935 668 3017 edidit,
692 2935 749 3000 sed
773 2935 917 3020 Didymi,
947 2935 1013 3000 sive
1036 2939 1074 2999 ut
1095 2934 1243 3002 mendaci
1266 2935 1367 3004 titulo

231 3047 543 3114 commendationem
575 3053 760 3130 quaereret,
795 3048 861 3114 sive
891 3053 1034 3114 veterem
1068 3069 1190 3115 morem
1223 3051 1366 3129 secutus,

231 3181 326 3243 quem
341 3159 561 3244 Diogenianus
583 3181 713 3243 quoque
737 3147 867 3226 secutus
890 3165 949 3240 est,
973 3181 1047 3228 cum
1069 3160 1260 3228 inscriberet
1283 3181 1366 3243 opus

231 3273 393 3356 epitomen
408 3271 544 3341 Vestini.
582 3274 695 3340 Fuerit
717 3275 818 3358 igitur
832 3274 964 3344 titulus:
988 3273 1113 3350 Θέωνος
1134 3273 1221 3354 λέξις
1242 3270 1367 3362 κωμικὴ

229 3383 311 3450 κατὰ
335 3383 491 3469 Aidepsos,
516 3409 600 3471 quae
622 3381 802 3469 σύμμικτος
823 3407 1066 3470 nonnumquam
1089 3387 1237 3452 dicitnr
1275 3386 1367 3466 Quae

232 3499 418 3565 coniectura
439 3500 605 3583 ingeniosa
620 3502 723 3583 magis
746 3499 819 3577 dici,
843 3521 940 3582 quem
963 3501 1069 3566 causis
1091 3498 1223 3584 probari
1244 3503 1366 3582 potest.

231 3610 379 3678 Concedo
402 3611 543 3694 quidem,
566 3612 720 3696 Hesychii
742 3612 855 3680 verba:
886 3612 975 3678 Θέων
995 3614 1049 3679 καὶ
1071 3612 1220 3694 Δίδυμος
1243 3613 1367 3697 (corre

229 3723 373 3810 θείκασι)
397 3723 501 3804 λέξεις
521 3748 601 3806 narr.
623 3723 677 3792 καὶ
700 3746 789 3812 τραγ,
813 3725 950 3794 fortasse
972 3727 1020 3794 ita
1042 3727 1181 3810 intelligi
1200 3746 1304 3810 posse,
1328 3729 1367 3792 ut

231 3836 394 3906 Thoonem
416 3839 450 3904 in
473 3859 574 3906 unum
590 3839 788 3921 congessisse
804 3860 967 3908 sumamus
982 3840 1088 3906 varios
1105 3838 1366 3921 commentarios,

231 3970 312 4033 quos
334 3951 369 4019 in
391 3950 530 4018 comicos
552 3954 667 4034 poetas
691 3952 858 4036 scripserit
880 3953 1053 4041 Didymus,
1084 3951 1171 4034 quod
1193 3951 1291 4018 simili
1313 3971 1368 4018 ra-

229 4062 319 4130 tione
340 4063 647 4147 interpretationum
669 4069 819 4134 auctores
841 4064 1005 4135 interdum
1028 4064 1220 4145 afferuntur,
1243 4083 1292 4130 ex.
1316 4085 1365 4147 gr.

229 4174 263 4238 in
286 4174 384 4245 schol.
408 4175 514 4259 Apoll.
537 4176 599 4244 Rh.
627 4177 652 4243 Ι.
679 4180 777 4248 1138:
809 4175 854 4254 ὡς
875 4170 1019 4253 Εὔπολις
1045 4175 1099 4248 καὶ
1122 4175 1269 4258 Δίδυμος
1291 4177 1312 4246 i.
1337 4198 1365 4244 e.

231 4287 367 4370 Eupolis
389 4288 477 4371 apud
499 4288 687 4374 Didymon,
711 4312 906 4374 quamquam
930 4296 1009 4358 tunc
1032 4289 1267 4374 expectandum
1291 4295 1366 4359 erat
