3098 4908
621 263 825 377 -35-

162 484 270 552 omnia
291 482 406 567 refert,
436 503 519 569 quae
541 483 738 552 Artemidori
759 486 887 553 nomine
911 486 1094 573 subscripta
1115 489 1157 556 ad
1180 509 1288 575 gram·

161 598 317 664 maticam
338 598 518 683 pertinent,
541 602 575 665 et
596 599 665 664 Art.
689 598 863 684 Ephesium
885 601 1117 686 geographum,
1141 608 1177 670 et
1197 603 1284 688 quod

161 709 236 778 inde
266 715 470 795 sequeretur,
499 731 563 776 nou
592 697 718 779 diversa
743 732 812 778 esse
840 732 939 797 opera
969 713 1048 801 περὶ
1073 713 1223 804 Δωρίδος
1252 721 1284 783 et

158 815 287 888 ’quenci
303 817 538 910 Ὑπομνήματα
568 823 623 910 (ab
645 824 811 892 Athenaeo
832 825 890 900 III.
917 826 1015 891 llId.
1044 829 1115 896 Art.
1146 828 1287 914 Ephesio

164 936 319 1024 tributa),
341 935 398 1004 sed
418 943 529 1022 partes
551 933 647 1004 fuisse
669 938 802 1004 meionis
817 937 939 1024 operis,
955 938 1042 1023 quod
1060 940 1234 1008 Erotiauus
1252 941 1288 1008 iu

163 1051 267 1118 Gloss.
290 1051 443 1136 Hippocr.
466 1072 518 1136 pg.
543 1054 605 1115 244
626 1045 1037 1146 universe'Apreprduipov
1056 1052 1159 1134 λέξεις
1178 1055 1286 1140 appel·

161 1166 261 1247 laret,
294 1168 393 1248 atque
421 1183 520 1239 unum
552 1163 752 1248 eundemque
780 1164 1020 1231 Artemidorum
1047 1165 1089 1232 ab
1119 1166 1285 1233 Athenaeo

163 1278 259 1345 modo
289 1277 464 1363 Ephesium
490 1276 584 1343 modo
606 1275 877 1360 Aristophaneum
899 1282 1049 1344 vocatum
1072 1299 1150 1344 esse.
1197 1279 1286 1358 Quae

162 1392 399 1476 argumentatio
421 1396 454 1456 ct
475 1390 539 1474 ipsi
554 1389 728 1472 Ahrensio,
748 1410 800 1474 pg.
815 1389 992 1473 XXXVIII,
1009 1411 1205 1476 quamquam
1220 1413 1286 1458 nou

161 1505 340 1589 ignoranti,
371 1503 440 1570 eius
463 1503 601 1588 suspicio
624 1503 651 1568 si
673 1507 850 1585 constaret,
881 1503 1069 1588 gravissimo
1093 1509 1282 1588 argumento
1366 1545 1368 1548 ·

163 1641 199 1686 se
219 1618 268 1684 uti
289 1637 383 1703 posse
405 1615 448 1684 ad
470 1615 663 1682 sententiam
684 1635 775 1681 suam
796 1615 836 1682 de
851 1615 973 1681 Artem.
989 1616 1153 1701 Aristoph.
1176 1621 1286 1682 aetate

163 1729 431 1812 confirmandam,
462 1728 596 1794 nimium
626 1728 740 1795 debilis
769 1727 897 1795 videtur
926 1734 960 1796 et
988 1750 1157 1814 arrogans,
1186 1733 1285 1814 atque

162 1848 276 1911 contra
311 1843 491 1910 Rankeium
523 1842 660 1914 multum
693 1842 800 1908 valere
831 1841 1017 1927 profitetur,
1056 1841 1160 1927 „quod
1190 1816 1284 1908 Arte·

167 1956 310 2022 midcrus
342 1957 502 2041 Ephesius
532 1955 582 2021 vel
616 1954 832 2040 geographus,
865 1955 916 2021 rel
949 1956 1202 2040 Aristophaneus
1235 1956 1286 2021 vel

167 2071 392 2154 grammaticus
414 2069 464 2136 his
484 2068 562 2153 ipsis
585 2067 853 2153 appellationibus
870 2069 1015 2133 consulto
1032 2053 1186 2151 distingui
1200 2068 1286 2134 inter

165 2205 199 2276 se
220 2183 421 2248 videantur“.
456 2181 574 2246 Mirum
589 2181 691 2246 videri
707 2179 818 2262 dehet,
835 2179 1055 2266 Meierumfl),
1071 2179 1285 2264 professorem

163 2296 338 2362 Halcnsem
359 2318 390 2380 p.
413 2317 473 2377 m,
496 2313 694 2379 quamquam
714 2293 817 2377 magis
834 2313 872 2361 eo
886 2293 1072 2376 inclinaret,
1093 2297 1130 2358 ut
1145 2292 1285 2359 diversos

165 2429 234 2474 esse
257 2429 311 2474 eos
333 2407 561 2489 arbitraretur,
591 2411 699 2473 tamen
717 2401 842 2472 Ἰωνικὰ
863 2400 1095 2494 ὑπομνήματα,
1123 2405 1164 2471 ab
1186 2405 1284 2471 Athe·

163 2543 246 2588 naeo
269 2521 339 2586 Art.
363 2521 500 2605 Ephesio
524 2521 687 2606 ascripta,
715 2523 842 2605 partem
867 2518 1017 2586 habuisse
1043 2519 1176 2585 maioris
1196 2518 1283 2583 illius

163 2635 284 2720 operis,
300 2634 386 2718 quod
400 2633 503 2714 λέξεις
516 2635 566 2700 vel
582 2629 889 2721 curuyuyrir'ltfiewr
902 2633 1105 2718 inscripsisse
1120 2631 1283 2700 videretur

166 2747 387 2814 Artemidorus
408 2747 671 2832 Aristophaneus.

227 2860 356 2926 Rectius
377 2881 452 2926 vero
475 2859 646 2941 Ahrensio,
675 2880 727 2944 pg.
750 2856 925 2924 XXXVIII.
948 2857 1145 2924 Fritzschius
1165 2879 1218 2942 pg.
1243 2861 1283 2923 29

165 2973 321 3057 suspicari
342 2974 484 3055 videtur,
508 2971 746 3039 Artemidorum
762 2970 1030 3056 Aristophaneum
1051 2970 1143 3036 illum
1164 2969 1283 3036 intelli-

162 3086 302 3171 gendum
325 3108 412 3168 esse,
435 3108 530 3170 quem
553 3084 670 3152 Strabo
693 3084 777 3150 XIV.
800 3105 852 3169 pg.
877 3089 937 3149 675
961 3084 1056 3150 claris
1072 3081 1283 3150 Tarsensibus

64 3189 71 3212 '
161 3199 422 3266 adnumeraverit
436 3199 486 3266 his
502 3198 621 3265 verbis:
644 3197 859 3286 γραμματικοὶ
874 3196 910 3264 δὲ
923 3188 968 3261 ὦν
981 3197 1035 3262 καὶ
1050 3190 1284 3284 συγγράμματα

160 3308 249 3378 ἔστιν
268 3306 512 3401 'Aprspldcrpdg
531 3335 567 3376 τε
587 3311 642 3377 καὶ
664 3303 847 3398 Διόδωρος,
878 3315 912 3376 et
940 3332 1038 3394 quum
1064 3310 1160 3375 huius
1182 3308 1284 3392 suspi-

161 3425 264 3492 cionis
275 3425 472 3491 Fritzschius
483 3448 547 3492 nou
559 3424 722 3492 addiderit
733 3445 864 3507 causas,
880 3425 949 3509 ipse
964 3445 1019 3490 aas
1035 3422 1149 3490 afferre
1165 3421 1283 3502 studet,

160 3559 246 3623 quae
273 3560 316 3605 an
343 3537 454 3605 firmae
483 3539 562 3622 sint,
590 3539 683 3605 valde
711 3536 832 3604 dubito.
881 3537 1017 3619 ,Mirum
1046 3556 1138 3618 sane,
1160 3534 1283 3622 inquit,

161 3730 369 3740 -—-.--—·

213 3869 249 3934 ⁴⁷)
268 3865 322 3922 Cir.
330 3869 367 3924 M.
376 3869 410 3932 H.
420 3869 452 3923 E.
460 3869 559 3936 Meier‚
583 3867 718 3938 Opuscula
730 3865 901 3934 Academica,
923 3865 964 3920 ed.
973 3865 1102 3920 Eckstein
1113 3869 1140 3918 et
1148 3864 1179 3919 F.
1187 3865 1285 3934 Haase,

160 3967 195 4036 Π.
214 3983 241 4034 p.
259 3963 300 4017 26.
334 3963 385 4018 Ηίο
411 3964 479 4018 liber
504 3962 737 4018 commentationes
764 3962 883 4017 contiuet
909 3961 1045 4028 collectas,
1077 3974 1142 4030 quas
1168 3960 1286 4018 Meierus

161 4060 284 4129 pluribus
301 4058 509 4127 praelectionum
526 4059 554 4112 in
568 4059 684 4112 univers
699 4056 810 4112 Halensi
824 4057 975 4111 habitarum
993 4054 1124 4110 muribus
1142 4055 1285 4125 praemisit,
1397 4062 1400 4070 '

162 4155 190 4207 iu
207 4154 251 4208 his
269 4169 317 4208 sex
333 4154 566 4208 commentationes
579 4152 611 4206 de
624 4151 769 4206 Andocidis
783 4167 851 4221 quae
867 4151 948 4220 vulgo
963 4151 1048 4205 fertur
1060 4150 1179 4205 oratione
1194 4156 1286 4204 contra
1317 4218 1318 4222 Ἰ

163 4235 344 4316 Alcibiadem,
372 4265 482 4318 quarum
508 4248 601 4302 ultima
627 4245 743 4302 breviter
769 4246 889 4316 quidem,
913 4246 961 4300 sed
986 4245 1129 4315 diligenter
1156 4244 1286 4314 docteque

163 4345 308 4400 lexicorum
325 4346 446 4398 veterum
462 4348 560 4400 tractat
576 4343 721 4399 historiam.
745 4343 779 4397 II.
797 4359 822 4412 p.
841 4343 962 4396 1-180.

1097 4446 1134 4498 5*
