3098 4908
707 173 909 281 ja-

242 391 328 460 euim
356 391 514 458 Erasmus
544 391 578 457 in
606 390 777 478 proverbio
807 391 864 457 illo
895 389 1085 474 explicando
1109 389 1230 476 (Adag.
1254 390 1311 460 Cb.
1333 391 1378 458 11.

244 501 336 572 Ceut.
357 502 400 572 11.
424 505 480 590 35)
503 503 639 570 Ausonii
660 503 835 570 versiculos
858 523 898 570 ex
918 503 1023 590 Epist.
1046 501 1102 570 IV.
1128 507 1199 586 101,

469 617 532 682 Hic
554 619 604 682 est
625 615 681 682 ille
704 616 814 682 Theon
836 622 934 701 poeta
956 616 1060 682 salsus

468 729 633 796 Bonorum
654 730 743 794 mala
765 730 949 796 carminum
972 729 1126 812 taberua;

242 844 299 930 qui
320 863 433 910 versus
453 842 614 908 referendi
630 848 705 908 sunt
721 842 764 908 ad
778 841 917 908 Theonis
933 843 1129 908 Medulensis
1146 843 1378 928 arrogantiam,

184 1038 185 1044 ἵ
242 976 308 1042 qua
324 955 515 1023 Clementini
538 954 616 1022 boni
632 961 748 1040 poetae
763 955 896 1040 aliquod
911 976 1041 1022 carmen
1057 954 1119 1020 sibi
1141 954 1257 1022 tribuit
1278 961 1379 1040 atque

242 1075 400 1154 tanquam
423 1090 515 1134 suurn
538 1069 583 1134 ad
606 1068 785 1134 Ausonium
807 1068 896 1134 misit
927 1066 998 1150 (cfr.
1022 1069 1115 1154 epist.
1139 1067 1193 1135 IV.
1219 1071 1258 1134 65
1281 1071 1376 1158 sqq).

241 1181 396 1267 Iosephus
419 1181 564 1266 Scaliger
592 1201 763 1266 perperam
787 1180 965 1248 Ausonium
995 1181 1132 1247 coluisse
1162 1182 1211 1247 ait
1233 1180 1379 1248 clemen-

242 1295 346 1361 tinum
368 1294 549 1375 Theonem,
584 1294 641 1379 qui
662 1314 755 1360 error
776 1291 941 1379 profectus
964 1299 1013 1360 est
1037 1314 1076 1360 111
1098 1293 1237 1380 epistola
1259 1299 1378 1380 quarta

242 1409 348 1474 minus
371 1412 534 1492 percepta.

306 1520 442 1587 Praeter
473 1518 719 1603 quatuordecim
747 1519 821 1585 illos
850 1540 930 1604 quos
958 1521 1105 1586 recensui
1127 1519 1273 1588 Thecues
1295 1521 1378 1588 alios

245 1653 372 1722 quoque
398 1632 459 1700 boo
486 1633 614 1710 nomine
643 1632 811 1718 praeditos
842 1653 1000 1718 quaerens
1040 1633 1147 1718 reperi
1186 1633 1290 1715 viros,
1321 1633 1378 1718 qui

243 1746 360 1832 quibus
382 1746 462 1814 locis
485 1747 642 1812 nominati
671 1747 752 1827 siut,
781 1752 819 1811 ut
846 1747 940 1830 plene
968 1747 1194 1832 cumulateque
1223 1745 1308 1812 hano
1338 1745 1379 1812 de

244 1858 378 1925 diversis
401 1855 586 1925 Theonibus
608 1859 834 1943 quaestionem
855 1858 1031 1944 perficiam,
1054 1865 1158 1925 restat
1179 1859 1217 1926 ut
1236 1860 1378 1940 doceam,

243 1991 439 2056 quamquam
462 1991 535 2036 cum
551 1971 680 2038 Thecne
696 1973 907 2056 grammatico
930 1993 1136 2060 nequaquam
1159 1993 1214 2038 eos
1237 1992 1379 2038 commu-

242 2084 307 2150 tari
328 2105 432 2168 posse,
456 2084 584 2150 omnino
606 2085 686 2150 mihi
709 2106 901 2169 persuasum
924 2091 982 2151 est.

309 2196 507 2282 Mentionem
530 2197 632 2282 igitur
653 2195 778 2262 faciunt
800 2197 933 2278 Plinius,
949 2197 990 2263 H.
1006 2197 1045 2262 N.
1062 2195 1207 2264 XXXIV.
1226 2201 1254 2279 3,
1275 2193 1379 2266 Theo-

243 2309 294 2376 nis
322 2310 508 2396 praeconis3
539 2309 703 2376 Lucienus
728 2328 782 2394 pg.
814 2313 886 2375 626.
917 2305 975 2376 Th.
1005 2311 1188 2396 palaestrae
1210 2312 1378 2396 magistri;

243 2419 356 2507 Lysias
388 2425 437 2504 10,
469 2423 518 2488 12.
553 2421 610 2488 Th.
643 2423 866 2505 Atheniensis3
895 2423 1127 2508 Inscripticnes
1150 2423 1274 2491 Tithor.
1303 2419 1376 2510 (cf.

169 2587 175 2598 .
243 2535 302 2602 Rh.
326 2533 409 2601 Mus.
426 2535 465 2600 N.
482 2533 518 2601 F.
534 2532 589 2602 XI.
607 2537 684 2621 544)
709 2533 849 2602 Theonis
872 2534 1069 2602 Timomachi
1091 2533 1167 2616 filii3
1190 2537 1228 2602 E.
1246 2535 1378 2604 Curtius

243 2651 278 2714 in
300 2649 443 2715 Anecdd.
466 2647 642 2733 Delphicis.
660 2651 710 2713 22.
752 2647 892 2714 Theonis
906 2647 1043 2715 Praxiae
1065 2651 1184 2735 patris3
1208 2648 1377 2731 Gruterus,

244 2762 395 2846 Inscript.
419 2782 472 2847 pg.
496 2765 568 2828 937.
594 2765 623 2842 2,
650 2766 741 2828 1090.
768 2765 816 2843 13,
842 2765 913 2827 618.
941 2765 989 2827 11.
1021 2762 1186 2828 Theonum
1209 2762 1309 2828 trium
1331 2761 1379 2828 di·

242 2893 427 2955 versorum3
450 2873 593 2941 Iustinus
618 2873 744 2959 Martyr
766 2874 838 2940 adr.
863 2873 959 2940 Gent.
982 2897 1035 2960 pg.
1059 2879 1100 2940 20
1124 2874 1263 2940 Theonis
1285 2873 1381 2958 Poly-

243 2987 379 3054 damnae
396 2987 560 3071 coniugis;
576 2985 720 3066 Vossius,
737 2985 776 3050 de
796 2985 872 3050 hist.
889 2985 996 3051 Latin.
1013 2985 1151 3052 Theonis
1166 2987 1230 3072 (vel
1246 2987 1378 3072 Teonis)

243 3099 402 3177 monachi,
426 3119 522 3182 quem
545 3119 627 3182 opus
651 3097 834 3163 condidisse
858 3098 937 3163 dicit
960 3097 999 3164 de
1023 3099 1054 3164 S.
1079 3099 1228 3164 Othmari
1250 3099 1379 3165 virtuti-

243 3207 303 3278 bus
327 3218 360 3279 et
381 3212 564 3294 miraculis,
597 3211 683 3295 quod
714 3214 861 3296 superest
883 3211 917 3276 in
939 3209 1022 3275 libro
1044 3211 1267 3297 manuscripto
1291 3207 1379 3296 apud
1399 3303 1404 3316 Ι

243 3323 408 3391 Helvetios
423 3323 457 3390 in
470 3323 669 3391 bibliotheca
686 3325 731 3390 st.
746 3323 904 3390 Othmari.
927 3323 1073 3407 Denique
1090 3323 1269 3405 Olintonus,
1285 3323 1378 3391 fastis

243 3433 400 3503 Hellenic.
416 3433 474 3502 ΠΙ.
497 3459 550 3523 pg.
569 3442 586 3501 7
610 3435 653 3502 ad
676 3457 727 3502 an.
745 3441 817 3501 271.
859 3435 1021 3502 Thoonem
1043 3442 1203 3502 memorat
1224 3437 1376 3518 aulctam,

243 3552 335 3616 cuius
357 3551 455 3616 etiam
476 3550 597 3617 mentio
619 3549 658 3614 fit
680 3550 714 3614 in
736 3547 890 3614 Boeokhii
906 3549 1000 3634 Corp.
1023 3551 1123 3616 Inser.
1141 3549 1195 3614 Gr.
1215 3571 1285 3615 nro.
1302 3553 1375 3630 225,

242 3685 295 3749 pg.
312 3668 384 3745 348,
408 3668 507 3747 atque
529 3662 617 3748 apud
632 3662 835 3728 Athenaeum
856 3683 888 3746 p.
915 3666 1009 3744 1761,
1032 3661 1088 3728 ubi
1109 3661 1251 3728 Haeduli
1273 3664 1376 3728 euius-

242 3777 319 3844 dam
340 3779 540 3864 epigramma
561 3777 596 3842 in
616 3776 779 3842 Thoonem
800 3773 856 3841 τόν
869 3769 1114 3863 καλαμαυλητὴν
1134 3780 1297 3841 servatum
1319 3781 1377 3841 est.

183 3886 185 3889 ’
230 3903 232 3906 ’
308 3890 398 3957 Haeo
421 3895 506 3974 sunt,
529 3911 613 3976 quae
629 3888 669 3956 de
685 3889 821 3956 diversis
837 3888 1021 3957 Theonibus
1037 3887 1143 3953 dicere
1165 3887 1273 3970 habui,
1297 3909 1378 3973 quos

243 4003 271 4070 si
287 4002 391 4071 obiter
405 4003 616 4090 perlustratis
631 4004 753 4089 partim
767 4002 882 4070 humili
899 4005 970 4070 loco
987 4022 1042 4068 eos
1057 3998 1234 4082 habendos,
1256 4003 1378 4086 partim

244 4138 363 4202 magna
386 4117 501 4203 dignos
523 4139 593 4184 csse
615 4117 712 4184 laude
735 4115 797 4183 tibi
819 4117 991 4184 dicendum
1015 4114 1086 4180 erit.

708 4313 914 4325 Μ

1538 2517 1540 2600 l

1537 2713 1540 2812 l

1533 2815 1540 2886 1

1539 2911 1540 2982 1
