3098 4908
708 271 752 347 39

231 489 337 574 Etym.
361 488 474 571 Angel.
499 487 568 577 (ed.
591 489 725 555 Bitschl.
748 509 779 573 p.
803 489 886 576 XII)
915 509 939 555 s.
962 511 990 555 v.
1012 483 1113 576 Δόρυ·
1136 483 1232 579 δρύον
1252 484 1293 556 δν

166 603 217 690 είη
238 601 316 690 περὶ
338 600 456 689 (παρα)
477 599 535 687 τήν
556 600 642 689 δρῦν,
664 593 732 667 οἷον
753 597 887 690 δρύϊνον.
909 594 1011 679 οὕτως
1037 593 1131 691 εὗρον
1152 600 1186 670 έν
1211 602 1292 668 ὑπο

165 710 308 804 μνήματι
330 714 480 791 Θέωνος
501 711 549 790 εἰς
569 711 626 802 τήν
644 709 835 779 Ὀδύσσειαν
856 715 908 801 (V.
935 719 1002 781 162.
1027 718 1113 802 371).

231 827 353 893 Eodem
375 827 536 912 pertinere
558 825 715 908 videntur,
739 848 821 910 quae
843 827 882 893 de
905 827 1032 914 duplice
1052 828 1138 894 vocis
1153 819 1293 915 δίκμηνος

166 940 398 1026 significatione
414 939 517 1022 deque
532 944 666 1006 accentu
688 940 840 1023 leguntur
855 940 888 1005 in
903 939 956 1005 Et.
972 940 1015 1005 M.
1033 962 1057 1006 s.
1072 962 1101 1005 v.
1115 932 1292 1027 ’Ἀκμηνος

167 1053 310 1138 Λέγεται
338 1052 392 1117 καὶ
422 1050 479 1117 ἐπὶ
508 1055 567 1117 τοῦ
595 1045 794 1133 ἀκμάζοντος
820 1046 1019 1129 Ὀδυσσείας·
1049 1051 1180 1138 (ΧΧΙΙΙ.
1207 1059 1292 1132 191.)

170 1161 316 1249 ,θάμνος
337 1161 393 1253 έήν
413 1159 613 1252 τανύφυλλος
634 1162 752 1252 ἐλαίης,
767 1162 881 1253 ἑρκέων
902 1157 1182 1253 §comumnes
1196 1165 1291 1231 θαλέ-

173 1283 269 1346 θων.“
313 1277 352 1343 Ὁ
374 1272 503 1343 δόλλων
523 1277 577 1343 καὶ
598 1271 714 1342 ἀνθῶν·
736 1276 827 1366 παραὶ
847 1276 885 1342 τό
907 1272 1009 1366 ἀκμή,
1032 1273 1050 1343 ό
1072 1278 1219 1366 σημαίνει
1239 1277 1296 1366 τήν

167 1391 300 1478 ήλικίαν·
322 1394 418 1456 τοῦτο
440 1388 531 1480 παρα
552 1387 590 1454 τό
612 1383 688 1473 όίγω,
711 1385 781 1478 όγή,
803 1390 856 1456 καὶ
878 1383 1070 1476 πλεονασμῷ
1090 1395 1148 1455 τοῦ
1170 1393 1217 1470 K,
1239 1391 1293 1456 καὶ

165 1510 272 1594 τροπή
286 1509 346 1570 τοῦ
359 1507 389 1570 Γ
401 1502 449 1582 εἰς
464 1507 514 1582 M,
530 1499 625 1591 σίκμή,
648 1496 796 1590 όίιιμηνος.
833 1504 921 1570 Haec
936 1503 1029 1571 valde
1052 1504 1184 1570 confusa
1206 1510 1290 1586 sunt,

167 1626 206 1684 ut
235 1617 449 1704 comparebit,
480 1619 508 1682 si
530 1617 581 1683 Et.
604 1616 687 1682 Gud.
718 1617 961 1701 comparaveris.
1007 1616 1292 1699 chonenias,

170 1733 315 1798 Zonaras
345 1730 438 1796 lexic.
462 1729 605 1797 Grameri
627 1730 769 1798 Anecdd.
792 1729 817 1794 Ι.
842 1735 891 1794 74.
936 1729 1025 1796 Haec
1052 1730 1141 1814 prior
1169 1742 1246 1815 pars
1275 1752 1293 1796 e

168 1844 307 1912 Theonis
324 1844 553 1910 commentario
568 1864 610 1908 an
624 1844 742 1910 hausta
762 1844 815 1925 sit,
838 1844 995 1908 incertum
1018 1847 1081 1924 est3
1104 1843 1137 1906 in
1160 1863 1293 1926 sequen·

170 1955 258 2022 tibris
279 1978 354 2024 vero
376 1957 468 2022 illum
489 1958 615 2022 auctori
637 1962 714 2023 ante
736 1957 845 2022 oculos
860 1956 1002 2040 positum
1018 1977 1096 2037 esse,
1119 1939 1292 2022 verisimile

169 2068 305 2135 videtur.
348 2069 459 2152 Pergit
481 2069 566 2135 enirn
578 2068 632 2133 Et.
648 2069 692 2134 M.
708 2062 876 2155 ’Ἀκμηνος
897 2068 1009 2150 σίτοιο,
1032 2060 1195 2152 ἄγευστος,
1218 2060 1290 2133 δίσι-

166 2204 233 2259 τος,
256 2179 311 2246 διό
331 2185 390 2247 τοῦ
411 2185 457 2244 Η.
477 2180 538 2250 ,Ὅ
566 2179 629 2270 γόρ
659 2179 715 2246 διδ
740 2185 800 2246 τοῦ
820 2183 946 2246 HNOS
970 2175 1073 2258 τύπος
1099 2182 1156 2268 τήν
1186 2175 1294 2262 ὀξεῖαν
1418 2233 1423 2265 ,

169 2298 281 2360 ποθεῖς
324 2294 393 2359 Καὶ
421 2294 452 2360 οἱ
480 2293 539 2375 μέν
566 2293 671 2382 ἁπλῆν
699 2293 792 2383 παρδ
816 2292 874 2381 τήν
900 2289 1003 2382 ἀκμήν
1030 2292 1182 2377 λέγουσιν’
1204 2291 1236 2360 οἱ
1258 2293 1294 2360 δέ

170 2402 334 2484 σύνθετον,
356 2400 427 2494 ήτοι
441 2405 521 2472 κατδ
543 2407 689 2496 στέρησιν
709 2411 767 2495 τῆς
788 2401 933 2489 ἰκμάδος,
956 2402 1031 2473 ούόέ
1044 2406 1100 2473 τόν
1113 2405 1159 2495 μή
1180 2429 1293 2496 κεκμη-

166 2513 250 2584 κότα
278 2519 357 2607 περὶ
384 2519 425 2584 τδ
450 2519 546 2586 σιτία.
593 2518 632 2584 Ὀ
662 2519 698 2586 δέ
716 2515 935 2609 Ἀρίσταρχος
961 2518 1017 2584 τόν
1045 2513 1184 2607 ἄκμηνον
1210 2519 1295 2605 λέγει

167 2627 460 2721 προπαροξυτόνως
481 2633 573 2723 παρὰ
594 2632 651 2722 τήν
672 2629 782 2722 ἅκμήν·
826 2634 934 2699 Θέων
955 2633 991 2699 δέ
1013 2627 1184 2714 ὀξύνεσθαι
1207 2628 1295 2714 ἀξιοῖ

171 2744 214 2822 ὡς
235 2739 369 2829 ἀγαθός.
391 2742 470 2813 ἔνιοι
492 2746 528 2812 δέ
548 2751 825 2835 προπερισπώσιν.
853 2741 910 2810 Ἢ
929 2744 1020 2835 παρα
1042 2743 1099 2834 τήν
1113 2740 1217 2833 ἀκτήν,
1239 2744 1295 2810 τόν

172 2861 266 2922 σῖτον.
314 2862 460 2945 Apparet
481 2861 543 2926 hoc
564 2860 634 2926 loco
658 2860 767 2926 Theon
790 2860 968 2926 Aristarchi
990 2859 1208 2941 adversarius,
1237 2859 1294 2943 qui

172 2992 280 3037 vocem
302 2966 451 3060 δίκμηνος,
473 2974 529 3040 ubi
542 2968 678 3055 θάλλων,
702 2969 809 3038 eveov
823 2974 917 3056 valet,
942 2967 1109 3054 ὀξυτόνως,
1131 2972 1187 3039 ubi
1202 2966 1294 3057 όγευ-

172 3105 257 3162 στος,
279 3080 573 3175 προπαροξυτόνως
589 3087 726 3171 scripsit.
751 3087 815 3154 cfr.
831 3087 943 3155 Lehrs.
959 3086 1135 3152 Aristarch.
1150 3106 1203 3170 pg.
1220 3091 1292 3150 377.

170 3198 280 3264 Theon
301 3221 376 3266 vero
398 3199 517 3284 ubique
544 3201 733 3285 oxytonesin
755 3198 971 3266 adhibendam
992 3199 1085 3280 dicit3
1116 3219 1214 3284 quum
1236 3198 1295 3282 igi-

111 3361 113 3366 .
170 3316 226 3376 tur
252 3312 295 3378 ad
317 3312 493 3398 Odysseam
523 3314 663 3402 (XXIII.
690 3312 770 3400 191)
794 3312 973 3378 Aristarchi
1002 3313 1063 3378 hac
1093 3311 1133 3377 de
1160 3333 1196 3377 re
1224 3331 1295 3377 sen·

169 3425 273 3490 tentia
295 3431 328 3490 et
349 3427 384 3490 in
406 3426 535 3492 scholiis
558 3427 646 3493 etin
668 3427 720 3492 Et.
744 3426 787 3491 M.
811 3425 981 3508 afferatur,
1012 3431 1045 3492 et
1065 3425 1168 3509 ipsius
1191 3424 1293 3491 Theo·

169 3537 220 3602 nis
247 3541 440 3606 sententiam
468 3561 507 3605 ex
536 3529 604 3605 eius
632 3540 666 3604 in
689 3539 865 3625 Odysseam
893 3539 1121 3604 commentario
1142 3537 1292 3604 haustam

170 3671 240 3717 esse
262 3656 351 3735 puto.

235 3762 287 3828 Ad
308 3764 446 3832 eundem
469 3767 732 3833 commentarium
763 3790 828 3834 non
850 3764 961 3834 dubito
983 3765 1103 3834 referre
1124 3765 1231 3831 locum
1253 3763 1293 3832 de

102 3861 103 3866 ἵ
170 3876 293 3960 origine
315 3878 401 3944 vocis
424 3874 522 3968 ἀρετή
544 3881 578 3946 in
600 3879 743 3946 Crameri
766 3879 907 3947 Anecdd.
930 3879 1031 3945 Paris.
1053 3878 1108 3945 IV.
1130 3899 1182 3964 pg.
1208 3881 1265 3942 61:

231 3985 367 4080 Ἀρετή]
379 3987 492 4082 αἱρετή
502 4015 552 4071 τις
563 3991 656 4060 ἐστίν·
672 3987 886 4082 ήναῖροῠνται
895 3987 1023 4071 πάντες,
1036 3985 1137 4068 οὕτως
1146 3990 1294 4071 Δίδυμος

169 4097 204 4168 έν
217 4101 507 4193 ὑπομνήμασιν...
530 4105 574 4184 ὠς
589 4105 625 4172 δέ
638 4104 673 4173 έν
686 4101 865 4195 ὑπομνήσει
880 4097 973 4194 εὗρον
988 4106 1149 4188 Θέωνος,
1165 4097 1293 4192 ἆρεστή.

168 4213 293 4283 Eadem
322 4219 475 4303 leguntur
502 4222 537 4286 in
565 4220 676 4287 Koesii
704 4222 865 4306 excerptis
894 4240 912 4286 e
935 4219 1051 4286 Codice
1080 4219 1168 4305 regio
1188 4217 1292 4284 Paris.

169 4333 255 4395 2630
277 4331 365 4418 apud
381 4333 552 4419 Sturzium,
572 4335 680 4403 Orion.
696 4337 749 4403 Et.
772 4359 823 4422 pg.
843 4339 913 4418 185,
936 4332 991 4400 nbi
1013 4334 1176 4402 adduntur
1196 4332 1292 4400 haec:
