3098 4908
731 237 774 312 bb

182 459 310 523 inverso
326 455 438 522 ordine
450 454 600 537 Δίδυμος
613 455 666 521 καὶ
678 455 769 521 Θέων
782 458 803 521 i.
823 477 850 522 a.
867 455 1025 541 Didymus
1042 454 1130 540 apud
1141 455 1318 537 Theonem3

182 569 356 636 sedetiam
377 570 497 635 inversi
513 568 635 634 ordinis
651 569 799 653 exempla
813 569 844 634 N
845 567 962 636 aberus
976 567 1056 634 haec
1076 567 1187 634 affert:
1213 569 1318 636 Schol.

181 683 347 766 Aristoph.
363 681 422 746 Au.
439 683 495 746 58:
519 675 699 762 Σύμμαχος
719 668 773 746 act
789 679 946 764 Δίδυμος.
982 681 1119 765 Lysistr.
1144 685 1221 746 313:
1244 679 1319 746 Arc.

181 795 236 860 καὶ
258 788 440 883 Κράτερας.
477 793 531 858 Ε1.
555 793 639 858 Gud.
661 815 714 878 pg.
740 799 797 859 73:
821 795 861 858 Δ.
883 820 910 860 ιι.
936 794 1085 884 Τρύφων.
1122 794 1175 860 Ε1.
1198 795 1243 859 Μ.
1266 813 1319 878 pg.

186 913 263 972 184:
284 902 490 996 Ἧρωδιιινὸς
510 907 565 972 καὶ
587 906 661 974 Alc.
686 907 796 992 Steph.
812 909 848 972 B.
865 908 961 975 modo
977 902 1146 997 Διόδωρος
1166 907 1221 973 καὶ
1242 907 1318 973 Alc.

183 1021 252 1106 (pg.
270 1023 331 1086 css
349 1021 408 1107 M.)
431 1020 527 1087 modo
549 1019 624 1087 Aio.
646 1019 701 1084 aar
722 1015 818 1085 Aaou.
842 1022 908 1105 (pg.
933 1025 1010 1103 css,
1035 1023 1097 1086 sos
1120 1021 1190 1107 10).
1230 1001 1319 1100 Quae

182 1133 329 1218 exemplu
349 1133 439 1199 haud
461 1133 509 1200 ita
529 1135 610 1200 mihi
631 1134 778 1217 urgenda
806 1133 973 1216 videntur,
1008 1134 1162 1217 quoniam
1192 1133 1257 1200 alia
1286 1135 1320 1198 in

181 1247 222 1313 iis
244 1247 331 1312 ratio
347 1247 444 1329 valet,
468 1251 567 1330 atque
583 1247 617 1312 iu
632 1246 785 1331 Hesychii
801 1247 957 1330 epistola3
980 1247 1015 1313 in
1036 1247 1101 1312 illis
1118 1247 1203 1312 enim
1218 1247 1319 1312 inter-

180 1360 382 1443 pretatioues
398 1359 600 1440 exhibentur,
624 1381 707 1443 quae
723 1381 819 1444 pares
834 1381 855 1424 a.
868 1358 1016 1444 pluribus
1032 1357 1197 1444 profectae
1220 1364 1319 1444 atque

181 1471 223 1538 ab
250 1472 442 1556 etymologis
470 1474 521 1539 rel
552 1473 737 1539 scholiastis
768 1494 808 1537 ex
839 1473 975 1539 alterius
1003 1472 1155 1558 operibus
1182 1472 1319 1538 haustae

182 1589 272 1667 sunt,
307 1585 483 1670 inquibus
514 1585 745 1670 componendis
773 1587 918 1669 priorum
947 1587 1233 1671 grammaticorum
1262 1591 1320 1651 sut

183 1698 341 1781 glossaria
364 1704 422 1764 aut
448 1701 674 1766 commentarii
703 1697 851 1764 adhibita
879 1704 966 1764 sunt.
1017 1699 1214 1784 Hesychium
1244 1719 1319 1764 vero

181 1810 216 1874 in
239 1811 378 1895 epistola
400 1833 466 1877 non
487 1817 567 1895 puto
590 1799 773 1896 professum
795 1833 882 1893 esse,
906 1811 1069 1878 Thoonem
1091 1818 1124 1878 et
1146 1812 1319 1897 Didymum

184 1925 399 2008 composuisse
421 1923 525 2005 λέξεις
548 1926 687 1990 comicas
710 1931 743 1990 et
764 1926 922 2008 tragicas,
953 1927 981 1990 si
1003 1925 1090 1991 alter
1112 1924 1217 2006 solus,
1239 1925 1320 1990 alte-

183 2037 251 2102 rius
274 2038 513 2103 commentariis
542 2058 638 2120 usus,
674 2037 748 2102 illas
778 2037 985 2103 condidisset.
1036 2037 1149 2121 Neque
1171 2038 1277 2102 minus
1300 2059 1320 2103 a

182 2169 259 2215 vero
281 2149 454 2216 abhorrere
469 2148 622 2232 arbitror,
639 2150 836 2234 Hesychium
854 2171 1052 2234 quamquam
1073 2172 1139 2216 non
1159 2152 1319 2235 ignarum,

182 2261 346 2329 Thoonem
365 2284 408 2329 ex
430 2262 562 2348 Didymi
590 2263 832 2329 commentariis
861 2263 1029 2347 collegisse
1055 2284 1152 2329 voces
1181 2266 1320 2332 comicas
1442 2348 1445 2363 Ι

183 2380 217 2441 et
239 2377 382 2459 tragicas
405 2395 539 2460 eamque
562 2375 603 2442 ob
627 2397 759 2442 causam
776 2376 880 2442 solum
902 2375 1087 2442 habendum
1109 2398 1179 2443 esse
1201 2376 1320 2443 lexico-

182 2509 255 2554 rum
268 2489 399 2554 illorum
414 2488 623 2571 conditorem,
639 2489 814 2573 Didymum
838 2490 967 2573 saepius
987 2491 1137 2556 attulisse
1153 2496 1318 2556 auctorem

182 2621 281 2685 quam
296 2601 478 2680 Theonem.
506 2602 608 2667 Immo
624 2603 798 2668 verisimile
821 2608 879 2684 est,
903 2623 975 2668 oum
992 2624 1118 2688 semper
1134 2609 1192 2670 aut
1214 2604 1319 2670 solum

183 2714 359 2799 Didymum
381 2721 438 2780 aut
468 2715 573 2782 solum
596 2715 759 2781 Theonem
788 2721 846 2781 aut
874 2721 1047 2800 utrumque
1076 2717 1226 2783 citavisse
1248 2723 1320 2782 tan-

183 2847 283 2912 quam
306 2833 480 2894 auctorem.
525 2828 680 2910 Accedit,
707 2829 795 2912 quod
816 2851 977 2913 nusquam
1000 2828 1139 2896 Theonis
1162 2835 1320 2914 tanquam

183 2940 280 3006 lexici
302 2942 419 3026 tragici
441 2941 620 3008 conditoris
642 2947 862 3026 agnoscuntur
883 2945 1037 3029 vestigia,
1065 2945 1188 3030 optimo
1210 2950 1320 3010 tamen

182 3053 257 3118 iure
278 3055 462 3140 exspectari
482 3059 607 3140 potest,
630 3055 739 3138 illum,
762 3057 792 3121 si
813 3076 895 3141 quas
916 3079 1032 3124 uocum
1053 3058 1251 3124 comicorum
1272 3056 1320 3121 in-

183 3169 437 3252 terpretationes
459 3167 619 3253 Didymus
641 3170 808 3255 scripserit
828 3170 863 3236 in
886 3171 1125 3236 commentariis
1147 3171 1185 3236 iu
1204 3174 1319 3255 po'e'tas

184 3280 339 3363 comicos,
375 3280 552 3346 secundum
581 3282 767 3348 litterarum
802 3283 949 3350 ordinem
976 3285 1207 3369 congessisset,
1233 3283 1320 3350 idem

183 3395 364 3478 suscepisse
396 3396 430 3460 in
463 3397 704 3463 commentariis
737 3418 758 3463 a
790 3397 929 3482 Didymo
962 3397 997 3463 in
1029 3401 1147 3482 postas
1176 3399 1319 3483 tragicos

185 3507 325 3591 scriptis.
362 3507 414 3573 Ad
436 3503 614 3591 σύμμικτον
634 3515 744 3578 autem
765 3510 894 3577 lexicon
908 3510 1067 3577 comicum
1082 3510 1170 3595 quod
1191 3512 1319 3593 attinet,

185 3618 437 3687 diversissimam
464 3605 641 3689 0101010011
669 3625 813 3690 inierunt
839 3623 925 3690 riam
954 3623 997 3690 ad
1025 3623 1203 3691 eruendum
1232 3625 1319 3690 vocis

184 3723 364 3815 σύμμικτος
386 3755 524 3802 sensum.
558 3735 715 3803 Weberus
731 3731 908 3820 σύμμικτον
922 3738 1084 3804 nominari
1099 3737 1178 3804 dicit
1192 3737 1320 3803 lexicon

186 3848 354 3932 conicum,
376 3849 464 3933 quod
485 3849 673 3916 litterarum
694 3851 811 3917 seriem
842 3853 1000 3918 tenuisset
1022 3871 1127 3936 neque
1149 3850 1320 3917 vocabulo·

184 3981 259 4026 rum
288 3961 476 4029 divisionem
508 3964 713 4048 praebuisset
739 3964 948 4032 artificiosum
978 3970 1012 4032 et
1043 3985 1083 4030 ex
1111 3963 1320 4030 interioribus

185 4073 428 4160 reconditisque
450 4098 560 4142 rerum
583 4079 782 4162 argumentis
811 4081 958 4163 petitam.
1012 4079 1150 4144 Prorsus
1182 4078 1217 4143 iu
1245 4098 1320 4143 con-

186 4186 324 4253 trariam
348 4191 542 4255 sententiam
564 4188 732 4256 Fabricius
754 4191 923 4274 inciderat,
947 4191 1003 4276 qui
1025 4191 1059 4256 in
1080 4189 1186 4257 iudice
1208 4191 1319 4275 script.

187 4297 287 4365 schol.
310 4301 416 4385 Apoll.
440 4302 501 4368 Rh.
525 4324 545 4369 a
568 4303 741 4371 Sahaefero
762 4305 804 4370 11.
827 4326 880 4390 pg.
898 4309 958 4370 641
983 4305 1122 4390 repetito
1144 4297 1321 4388 σύμμικτον
