3098 4908
698 237 740 312 45

222 458 314 524 Hsec
343 455 461 550 scholii
486 477 559 524 cum
580 455 687 540 Etym.
710 455 754 520 Μ.
785 455 987 540 comparatio
1016 455 1112 522 simul
1139 453 1292 538 ostendit,

156 571 319 658 quomodo
356 573 471 655 postea
507 569 591 634 clius
624 569 748 636 scholia
780 569 978 654 excerpserit
1010 574 1044 635 et
1075 569 1111 634 iu
1143 567 1293 635 breviora

156 684 359 752 contraxerit
392 682 660 762 commentarios,
695 681 813 765 quihus
845 701 924 747 usus
959 686 1009 748 est
1040 683 1076 748 in
1101 682 1293 766 colligendis

156 797 299 865 scholiis.
363 792 561 862 Schmidtius
601 793 684 860 illud
722 793 941 878 fragmentum
977 794 1183 880 desumptum
1224 817 1293 863 esse

154 881 255 996 putat
287 931 305 976 e
334 907 473 974 Theonis
509 903 740 973 commentario
773 908 809 972 in
839 907 1031 973 Callimachi
1056 908 1175 990 Atreu,
1208 929 1293 992 quae

152 1023 336 1108 explicasse
373 1021 464 1086 illum
501 1019 588 1085 inira
621 1039 863 1104 cognoscemus.
924 1019 1064 1088 Versum
1102 1026 1212 1087 antero
1251 1019 1293 1086 ab

154 1138 265 1222 Etym.
299 1137 343 1201 Μ.
378 1135 536 1200 citatum:
571 1130 674 1222 ἁρμοῖ
706 1153 772 1198 mov
809 1137 890 1215 ctu,
935 1155 975 1200 ex
1009 1133 1200 1200 Callimachi
1230 1135 1294 1200 ile·

154 1249 229 1316 cale
270 1269 339 1315 esse
372 1248 531 1332 petitum,
565 1245 708 1312 Naelrius
742 1246 977 1313 demonstravit
1009 1248 1044 1312 in
1075 1269 1157 1312 mus.
1191 1247 1293 1314 Rhen.

159 1366 254 1428 1834.
277 1381 330 1446 pg.
355 1363 427 1424 578.
477 1357 547 1436 Quo
576 1381 616 1424 ex
644 1354 741 1444 opere
769 1361 855 1426 alter
881 1381 995 1426 versus
1024 1360 1212 1446 desumptus
1242 1361 1293 1441 sit,

154 1475 319 1540 incertum
342 1478 400 1537 est.
437 1473 553 1556 Itaque
575 1471 618 1538 oh
634 1472 900 1555 convenientium,
922 1494 1007 1557 quae
1028 1473 1115 1539 inter
1137 1472 1295 1538 scholium

158 1586 387 1652 Theocriteum
407 1591 442 1650 et
463 1584 570 1668 Etym.
593 1585 638 1650 Μ.
659 1584 854 1668 intercedit,
883 1584 1085 1670 probabilius
1105 1586 1186 1652 mihi
1208 1585 1295 1652 ride·

157 1703 224 1780 tur,
246 1698 465 1782 fragmentum
487 1696 569 1762 illud
591 1719 661 1764 esse
685 1698 907 1764 commentarii
923 1699 1061 1764 Theonis
1080 1699 1114 1764 in
1130 1698 1295 1765 Theocriti

157 1811 285 1896 idyllia.
324 1810 417 1888 Quod
435 1809 591 1876 indicium
606 1809 702 1876 affert
717 1797 904 1892 Ahrensius,
926 1811 1082 1896 plerique
1100 1811 1295 1878 scholiorum

158 1925 373 1990 vetustiorum
403 1923 446 1988 ed
475 1923 697 2004 Theocritum,
732 1945 817 2008 quae
844 1945 910 1990 non
937 1925 973 1989 in
1001 1924 1136 2009 singulis
1162 1923 1296 1991 familiis

155 2038 334 2104 accessisse
365 2037 570 2118 viderentur,
604 2059 625 2102 e
656 2037 795 2103 Theonis
827 2037 956 2122 ingenio
985 2060 1051 2104 non
1079 2037 1187 2104 alienu
1214 2055 1295 2118 esse,

160 2155 334 2235 propterea
355 2149 435 2214 mihi
457 2149 545 2216 haud
568 2151 675 2234 mosis
696 2151 853 2216 momenti
876 2172 945 2217 esse
967 2152 1109 2233 videtur,
1139 2150 1229 2235 quod
1249 2151 1297 2216 in·

163 2261 269 2329 dolem
290 2264 518 2347 ingeniumque
533 2263 674 2329 Theonis
695 2285 762 2330 non
782 2263 832 2330 ita
849 2271 1016 2348 comperta
1037 2263 1203 2346 hebemus,
1227 2263 1298 2348 qui-

165 2372 226 2439 bus
255 2381 419 2442 uteremur
449 2375 492 2442 sd
517 2376 730 2461 disquirenda
759 2377 828 2442 eius
858 2377 1049 2461 fragmenta.
1092 2377 1193 2443 Aliud
1220 2399 1296 2444 vero

167 2493 275 2553 exstat
295 2487 461 2571 indicium,
494 2489 580 2574 qued
606 2489 701 2555 nohis
729 2489 925 2574 persuadere
955 2491 1076 2574 possit,
1106 2491 1234 2556 atalia
1261 2493 1296 2557 in

166 2600 373 2666 Theocritum
389 2602 512 2668 scholia
527 2603 689 2668 Theonem
703 2602 823 2669 habere
839 2608 1019 2684 auctorem
1042 2602 1195 2687 leguntur
1211 2604 1297 2668 enim

162 2713 285 2780 scholia
305 2735 380 2780 cum
403 2715 535 2781 scholiis
549 2715 699 2800 Apollon.
715 2715 819 2782 Rhod.
842 2716 1000 2799 insignem
1022 2717 1056 2780 in
1074 2715 1207 2782 modum
1221 2737 1297 2780 con-

163 2827 338 2911 spirantia,
369 2826 409 2894 de
439 2827 557 2911 quibus
579 2829 674 2894 velim
695 2828 849 2913 inspicies
871 2829 1023 2894 Ahrensii
1049 2828 1155 2895 bucol.
1182 2849 1231 2912 gr.
1254 2828 1296 2895 II.

161 2961 215 3024 pg.
238 2939 358 3022 LXIV,
388 2941 445 3025 qui
465 2947 554 3008 recte
576 2946 673 3026 putat
694 2941 766 3007 fieri
787 2943 950 3027 potuisse,
977 2945 1017 3007 ut
1039 2941 1166 3024 Theon,
1197 2963 1298 3026 quum

162 3058 337 3137 utrumque
360 3061 490 3138 poetam
511 3060 748 3122 commentatus
771 3061 865 3136 esset,
888 3053 1152 3120 adnotationibus
1175 3055 1241 3120 suis
1263 3055 1298 3120 in

163 3164 303 3231 alterum
317 3171 449 3251 poetam
463 3167 561 3234 factis
576 3169 674 3232 etiam
688 3167 732 3232 ad
747 3169 886 3233 alterum
900 3167 1130 3233 illustrandum
1140 3173 1298 3234 uteretur.

163 3278 296 3362 Omnia,
327 3301 410 3364 quse
439 3281 479 3348 de
502 3281 631 3346 Theone
654 3280 819 3346 Theocriti
840 3274 1028 3364 interprete
1043 3280 1222 3364 disputari,
1255 3279 1298 3347 ad

161 3391 326 3458 Theonem
356 3395 606 3477 grammaticum
634 3396 783 3478 Augusto
811 3398 968 3477 regnante
996 3395 1097 3460 vitam
1126 3393 1297 3478 degentem

159 3525 228 3570 non
251 3504 364 3572 dubito
386 3506 517 3573 referre.
557 3507 754 3586 Schmidtius
776 3527 861 3588 vero,
885 3529 1082 3592 quamquam
1103 3511 1299 3574 commenta

159 3617 248 3684 rium
271 3618 497 3685 Theocriteum
521 3621 624 3686 eidem
647 3621 770 3687 Theoni
791 3621 944 3702 vindicat,
968 3624 1079 3686 tamen
1102 3616 1298 3686 Artemidori

160 3731 282 3797 aetatis
304 3731 395 3797 nulla
417 3732 532 3799 habita
552 3733 680 3799 ratione
702 3733 840 3799 fortasse
871 3755 937 3800 non
959 3735 1020 3799 soli
1042 3735 1132 3799 casui
1155 3733 1299 3799 dandum

160 3847 274 3929 puae,
306 3845 394 3928 quod
424 3845 464 3912 de
487 3846 651 3913 Theocriti
678 3845 800 3932 idylliis
822 3852 856 3912 et
877 3846 1103 3912 Artemidorus
1124 3846 1243 3930 sliquis
1265 3849 1299 3912 et

160 3956 273 4022 Theon
301 3957 384 4024 bene
412 3966 592 4041 mererent,
624 3981 762 4044 quorum
789 3960 930 4026 alterum
959 3960 1123 4026 Theocriti
1153 3959 1299 4025 carmina

159 4069 330 4154 collegisse
354 4072 548 4156 suspicatur,
572 4073 712 4139 alterum
736 4071 875 4138 fortasse
897 4072 1002 4139 filium
1024 4073 1082 4137 illa
1103 4073 1299 4157 interprete-

23 4210 25 4256 1
157 4183 249 4248 tione
271 4183 462 4252 illustrasse.
501 4185 608 4270 Supra
630 4207 706 4251 vero
730 4186 953 4254 demonstrare
970 4191 1107 4253 conatus
1130 4207 1211 4264 sum,
1233 4207 1299 4252 non

158 4295 199 4362 de
231 4296 437 4366 Artemidoro
474 4298 653 4365 carminum
690 4298 855 4365 Theocriti
898 4300 1054 4367 collatore
1089 4298 1301 4384 cogitandum
