3098 4908
718 221 754 294 51

168 437 360 520 concedare3
382 439 515 505 minime
529 460 605 506 vero
620 439 668 506 illi
684 442 835 507 assentiri
853 462 986 526 possum
1008 443 1203 527 suspicanti,
1223 444 1304 509 Dec-

166 552 304 634 tionem‚
336 552 394 636 qui
421 552 457 618 in
481 552 534 618 Et.
565 551 609 618 Μ.
639 573 663 618 s.
687 575 716 619 v.
739 545 871 630 Ἧννιος
898 553 1119 638 Lycophronis
1140 556 1303 642 interpres

165 665 372 748 nominatur,
394 665 595 749 reliquorum
617 685 746 750 quoque
765 665 962 732 scholiorum
983 671 1149 733 auctorem
1164 690 1234 736 esse
1246 668 1304 735 ha-

165 778 323 844 bendum·
364 778 550 844 Antecessit
570 780 637 844 iam
658 777 720 844 hao
742 779 777 844 in
800 777 981 863 suspicione
1009 777 1195 863 Fabricius,
1224 780 1303 847 bibl.

167 913 217 976 gr.
241 892 282 957 11.
305 913 359 977 pg.
383 895 446 956 418
469 891 509 956 Χ.
531 912 585 976 pg.
608 895 665 972 31,
687 895 786 976 atque
808 912 881 956 cum
895 891 1046 958 Fabricio
1061 893 1304 978 Ritschelioque

166 1002 426 1070 Graefenhanius
448 1004 529 1071 facit
550 1004 592 1069 II.
615 1025 668 1088 pg.
693 1009 744 1070 50.
779 1005 828 1072 De
851 1005 1009 1072 Dectione
1029 1007 1216 1072 veronulla
1237 1007 1304 1073 alia

165 1115 310 1182 traditur
332 1116 466 1199 notitia,
483 1137 585 1201 quare
599 1116 866 1198 Valckenaerius‚
890 1117 1029 1185 Diatrib.
1052 1120 1087 1184 in
1109 1119 1222 1203 Eurip.
1245 1119 1303 1184 rel.

163 1251 219 1316 pg.
242 1233 302 1296 291
329 1235 363 1297 et
385 1230 568 1296 Larcherus
583 1229 618 1294 in
636 1230 854 1314 „Remarques
870 1231 1026 1315 critiques
1042 1253 1098 1297 sur
1112 1215 1241 1316 l'Ltym.
1258 1233 1302 1297 M.

165 1343 224 1427 (ex
246 1343 486 1408 commentariis
501 1339 654 1409 Academ.
677 1343 826 1427 Inscript.
842 1344 944 1410 Paris.
961 1349 984 1410 t.
1000 1344 1129 1410 XLVII.
1145 1345 1303 1428 repetitae

165 1477 188 1521 a
212 1455 338 1522 Sturzio
360 1456 395 1521 in
416 1455 594 1540 appendice
616 1456 670 1521 Et.
695 1455 749 1522 Or.
772 1477 825 1540 pg.
847 1458 926 1543 223)
942 1463 1030 1522 recte
1045 1457 1206 1524 iudicasse
1221 1457 1302 1522 mihi

164 1568 333 1650 videntur,
362 1569 581 1653 corruptelam
608 1569 666 1635 illo
694 1569 765 1636 lcoo
795 1569 849 1636 Et.
872 1569 916 1636 Μ.
939 1592 970 1636 v.
985 1563 1117 1646 Ἤοιος
1138 1570 1246 1636 valere
1270 1575 1303 1635 et

164 1702 225 1766 pro
245 1675 417 1768 Ἠπιόνην,
440 1679 477 1761 ἐξ
499 1671 539 1768 ἧς
560 1676 648 1767 αὐτῷ
667 1681 819 1767 γενέσθαι
837 1676 985 1761 Ἰάσονα,
1008 1677 1193 1748 Πανάκειαν
1219 1684 1302 1748 Δεκ-

163 1793 243 1859 τίων
276 1791 310 1860 ἐν
342 1789 552 1882 ὑπομνήματι
573 1788 787 1884 Λυκόφρονος
819 1796 991 1881 legendum
1025 1816 1175 1862 essen...
1205 1794 1243 1875 ἐξ
1264 1786 1303 1882 ἧς

166 1901 256 1990 αὐτῷ
275 1908 427 1991 γενέσθαι
445 1901 554 1985 Ἰασώ,
576 1895 777 1988 Πανάιιειαν,
797 1902 941 1974 Ἀκεσώ·
966 1907 1000 1974 ἐν
1022 1907 1077 1974 ὑπ.
1100 1914 1183 1974 Λοκ.
1196 1909 1237 1995 51)

233 2020 338 2100 Quum
360 2021 460 2106 igitur
480 2021 521 2088 de
542 2021 698 2088 Decticne
712 2027 870 2106 tanquam
885 2021 1106 2107 Lycophronis
1121 2023 1301 2106 interprete

167 2133 262 2199 valde
290 2132 435 2201 dubitari
464 2135 584 2219 possit,
615 2135 778 2201 Theonem
800 2134 942 2201 arbitror
965 2140 1132 2201 auctorem
1154 2157 1224 2200 esse
1246 2134 1303 2200 ha-

166 2246 307 2334 bendum
328 2247 540 2331 scholiorum,
562 2270 646 2332 quae
667 2248 756 2334 apud
778 2249 831 2314 Et.
854 2249 909 2314 Or.
931 2248 1032 2314 etEt.
1049 2249 1093 2313 M.
1110 2254 1301 2333 supersunt;

169 2358 336 2442 multaque
359 2362 459 2427 Orum
482 2384 522 2428 ex
552 2361 692 2428 Theonis
719 2363 754 2428 in
781 2361 1027 2448 Lycophronem
1055 2363 1302 2446 hypomnemate

168 2469 204 2535 in
226 2493 321 2536 snum
340 2473 598 2560 Etymologicum
621 2475 828 2540 transtulisse
851 2495 917 2540 non
938 2495 1053 2541 vereor
1067 2474 1302 2542 Valckenaeric

167 2564 354 2652 concedere.
399 2587 488 2666 Quae
517 2609 592 2654 vero
621 2588 656 2653 in
684 2588 739 2654 Or.
768 2587 820 2652 Et.
853 2586 976 2653 Theoni
1003 2586 1198 2653 vindicanda
1221 2588 1302 2668 sint,

166 2697 295 2781 singula
322 2700 493 2768 nonlicet
521 2701 696 2786 inquirere.
741 2700 838 2785 Apud
867 2699 1068 2785 Stephanum
1093 2701 1169 2784 Byr.
1193 2705 1303 2766 autem

167 2811 319 2878 omnibus
341 2813 406 2880 illis
427 2814 526 2897 locis,
550 2813 667 2898 quibus
689 2814 910 2898 Lycophronis
933 2813 1058 2896 aliquid
1081 2811 1231 2895 affertur,
1252 2835 1304 2879 ve-

168 2925 266 3008 stigia
288 2929 322 2991 te
345 2947 521 3012 agnoscere
544 2927 684 2994 Theonis
706 2927 930 2992 commentarii
952 2925 1091 2993 fortasse
1114 2932 1202 2992 recte
1229 2948 1303 2992 con-

165 3036 297 3121 ieceris‚
327 3060 428 3122 quum
458 3040 657 3125 Stephanum
690 3041 765 3126 Byr.
796 3039 889 3105 illum
919 3045 1121 3125 compertum
1151 3021 1309 3105 habuisse‘

164 3148 230 3216 loci
259 3172 360 3236 supra
385 3152 513 3220 laudati
541 3153 695 3234 doceant;
724 3153 820 3218 multi
847 3156 957 3219 autem
985 3159 1061 3220 sunt
1083 3153 1162 3236 loci,
1185 3151 1303 3237 quibus

166 3316 373 3328 m

220 3433 253 3502 ⁶¹)
271 3431 403 3488 Larcheri
425 3431 493 3488 haec
517 3437 579 3488 sunt
600 3432 699 3488 verba:
732 3430 894 3502 „Sylburge,
920 3431 966 3500 qui
989 3431 1062 3486 avait
1086 3435 1212 3498 sutram,
1240 3431 1304 3500 qu'il

166 3527 256 3582 fallait
272 3527 324 3582 lire
341 3524 440 3601 Ἰασώ,
459 3543 493 3583 ne
512 3529 575 3584 s’est
592 3543 642 3598 pas
660 3527 753 3592 doute,
772 3540 824 3596 que
841 3527 867 3580 le
885 3530 958 3580 texte
977 3527 1018 3580 fut
1032 3525 1066 3580 ici
1079 3526 1176 3594 altere;
1192 3531 1219 3579 et
1236 3525 1304 3580 dans

164 3638 216 3676 son
240 3621 322 3676 index
339 3623 359 3676 il
378 3623 428 3678 fait
445 3623 479 3678 de
496 3624 611 3678 Decticn
629 3639 666 3678 un
685 3626 895 3678 commentatenr
913 3620 947 3676 de
964 3621 1136 3692 Lycophrcn.
1163 3620 1304 3675 Fabricius

163 3723 223 3771 met
240 3717 313 3772 aussi
327 3717 441 3773 Dection
458 3734 494 3773 au
512 3718 623 3774 nombre
642 3718 690 3773 des
709 3721 933 3773 commentatems
952 3716 986 3772 de
1003 3731 1034 3772 ee
1051 3720 1130 3786 poete
1147 3716 1182 3771 H.
1200 3733 1226 3784 p.
1244 3717 1303 3769 418.

163 3812 199 3867 X.
218 3829 236 3880 p
263 3815 295 3866 31
314 3812 378 3868 bibl.
397 3831 437 3882 gr.
473 3815 524 3869 Ges
546 3818 655 3869 savants
679 3827 709 3867 se
726 3818 789 3868 sont
806 3813 932 3883 trompes.
967 3812 1054 3882 Iln'y
1071 3828 1087 3866 a
1102 3811 1199 3880 jamais
1218 3825 1252 3865 eu
1270 3810 1304 3864 de

163 3907 353 3976 grammairien
378 3908 412 3962 de
435 3924 466 3963 ce
489 3925 558 3964 nom.
594 3909 634 3962 Le
652 3908 739 3977 grand
756 3909 886 3979 Etpmol.‚
906 3908 951 3978 qui
969 3907 1021 3962 cite
1039 3911 1101 3961 cent
1120 3906 1171 3961 fois
1188 3906 1215 3960 le
1233 3922 1302 3960 eom·
1328 3889 1330 3898 ’

161 4001 295 4056 mentaire
313 4018 359 4058 sur
376 4002 552 4074 Lycophron‚
570 4004 633 4058 n’en
650 4019 756 4076 nomme
774 4005 847 4058 nulle
864 4007 927 4074 part
942 4003 1066 4058 l'anteur.
1096 4003 1177 4072 Illest
1191 4002 1255 4058 hors
1271 4001 1305 4055 de

163 4097 247 4152 doute
271 4113 324 4166 que
348 4100 413 4154 c’est
435 4100 469 4154 ici
492 4099 518 4153 le
540 4115 602 4154 nom
626 4099 660 4154 de
678 4099 750 4154 l’une
768 4099 816 4155 des
834 4099 903 4154 filles
921 4097 1100 4168 d’Aesculape
1118 4103 1145 4152 et
1163 4096 1304 4165 d’Epione,

161 4197 192 4248 ct
210 4193 273 4262 qu'il
292 4194 351 4249 faut
368 4195 516 4250 substituer
533 4195 550 4248 a
568 4208 598 4248 ce
615 4210 677 4250 nom
695 4195 799 4275 Αἴγλην
820 4210 855 4249 ou
871 4187 990 4255 Ἀκεοώ.
1010 4194 1181 4250 Valckenaer
1199 4192 1304 4246 diatrib.

161 4306 193 4346 se
204 4289 350 4345 determine
359 4288 554 4360 pour'Axsaa's.
569 4291 610 4346 Le
623 4305 738 4362 passage
751 4291 837 4346 entier
850 4290 906 4346 doit
917 4290 985 4345 donc
995 4291 1051 4344 btre
1063 4289 1105 4345 lu:
1117 4289 1145 4358 ἐξ
1161 4289 1194 4368 ἧς
1206 4328 1282 4342 .....
1290 4291 1304 4317 “

1096 4403 1133 4458 7*
