3098 4908
733 268 770 342 13

183 509 314 556 necesse
337 489 389 554 sit.
429 489 614 572 Occupatus
634 491 743 554 autem
759 491 810 553 est
831 485 886 553 ille
901 488 935 553 in
951 485 1067 552 studiis
1082 484 1321 554 mathematicis

184 608 218 670 et
239 601 465 670 astronomicis
488 599 719 682 Alexandriae,
744 601 835 668 cuius
858 599 939 667 olari
962 599 1067 666 Musei
1089 619 1323 668 commemora-

185 720 240 782 tur
261 715 368 781 socius
390 718 424 780 et
446 713 577 797 quidem
598 713 750 793 ultimus3
781 712 902 779 atenim
931 713 1007 779 inde
1029 712 1070 779 ab
1093 713 1154 779 hoc
1175 717 1323 799 tempore

185 847 345 912 nusquam
367 826 463 892 huius
485 826 629 891 instituti
651 826 773 892 mentio
794 825 843 891 fit.
881 827 975 892 Anno
999 830 1072 906 389,
1096 845 1159 910 quo
1182 826 1322 910 impera·
1396 883 1398 890 ,

185 946 290 1007 torem
312 940 414 1006 616111
435 939 594 1023 templum
617 938 748 1024 Serapis
776 937 909 1005 iussisse
932 938 1128 1006 Sozomenus
1156 938 1261 1004 tradit
1287 936 1322 1004 in

185 1053 261 1120 hist.
284 1053 361 1120 eccl.
385 1051 448 1120 VII
475 1072 502 1118 c.
528 1056 581 1133 15,
611 1057 723 1118 utrum
752 1069 826 1117 oum
854 1051 928 1118 aliis
956 1051 1156 1136 philosophis
1185 1052 1322 1136 paganis

185 1167 355 1251 reliquerit
370 1165 481 1232 Theon
496 1164 737 1245 Alexandriam,
760 1185 802 1230 an
824 1163 870 1230 ibi
884 1169 1030 1230 moratus
1053 1163 1106 1245 sit,
1128 1183 1194 1229 non
1217 1165 1321 1230 ausim

186 1279 364 1359 affirmare;
399 1283 528 1344 constat
562 1277 709 1362 quidem,
745 1297 869 1342 summo
898 1276 1006 1343 studio
1035 1277 1150 1361 iraque
1177 1278 1322 1343 maxima

188 1392 389 1460 Christianos
412 1391 522 1456 omnia
543 1391 719 1456 insectatos
741 1411 826 1471 esse,
860 1409 944 1474 quae
966 1389 1087 1456 fuerint
1107 1409 1319 1474 paganorum.

187 1505 321 1571 Orosius
349 1503 448 1584 enim,
480 1504 537 1586 qui
561 1523 588 1567 c.
612 1523 686 1569 ann.
710 1507 773 1568 420
801 1502 971 1569 historiam
1001 1523 1093 1568 suam
1116 1503 1320 1587 conscripsit,

188 1616 246 1702 (Vl
270 1617 303 1701 5)
331 1615 548 1701 quadraginta
576 1613 733 1680 librorum
763 1614 866 1681 millia
893 1614 951 1680 illo
978 1618 1124 1698 tempore
1153 1615 1322 1682 combusta

185 1749 255 1795 esse
277 1733 419 1795 testatur
440 1728 610 1812 ipsumque
632 1727 706 1794 loca
727 1727 846 1794 vidisse
867 1725 960 1792 libris
982 1728 1127 1811 privata,
1150 1732 1250 1810 atque
1266 1728 1323 1794 So-

184 1846 290 1908 crates
311 1842 346 1906 in
361 1841 446 1906 Hist.
469 1840 581 1905 eccles.
605 1839 643 1906 V.
667 1861 693 1905 c.
720 1845 758 1904 16
779 1842 868 1906 uiros
895 1840 1010 1906 doctos
1039 1845 1098 1906 aut
1120 1838 1322 1906 Christianos

185 1973 255 2021 esse
290 1953 396 2019 iactos
433 1953 535 2018 tradit
568 1958 625 2018 aut
661 1953 837 2037 emigrasse
870 1953 1072 2037 Byzantium.
1133 1951 1320 2036 Hypatium,

187 2064 327 2131 Theonis
350 2065 561 2131 Alexandrini
582 2064 767 2150 philosophi
788 2065 891 2132 filiam
913 2071 946 2131 et
967 2065 1072 2150 ipsam
1094 2063 1335 2150 philosophamv
1396 2137 1399 2142 ,

185 2177 421 2259 doctissimam,
452 2199 537 2244 anno
559 2183 621 2243 415
652 2177 693 2244 ab
722 2178 814 2244 iratis
838 2176 1065 2244 Alexandrinis
1094 2157 1254 2244 divulsam
1283 2197 1323 2243 ao

185 2285 399 2358 dilaceratam
421 2311 492 2357 esse
515 2290 666 2356 Socrates
696 2291 800 2356 tradit
829 2291 864 2355 in
886 2291 970 2356 Hist.
996 2290 1109 2356 eccles.
1132 2289 1204 2356 VII.
1228 2309 1255 2356 c.
1283 2293 1320 2354 15

187 2409 220 2470 et
241 2403 477 2489 Philostcrgius
499 2403 586 2469 VIII.
610 2409 639 2468 9.
689 2403 760 2469 Hac
789 2403 830 2469 de
859 2402 980 2468 illustri
1007 2423 1046 2468 ac
1075 2401 1173 2469 docta
1202 2401 1322 2468 femina

186 2516 339 2582 amultis
361 2517 565 2602 disputatum
588 2522 638 2583 est
659 2515 710 2582 vel
740 2515 820 2600 ipsis
843 2515 877 2581 in
899 2514 1018 2580 libellis
1041 2515 1261 2599 peculiaribus
1270 2517 1320 2602 ²⁸).

185 2629 340 2696 Fortasse
369 2635 402 2696 et
430 2631 520 2714 patri
547 2630 771 2696 tristissimum
800 2629 893 2694 illum
923 2629 1044 2693 exitum
1072 2634 1225 2714 paratum
1252 2647 1322 2695 esse

186 2761 370 2809 comeaeris.

248 2883 337 2948 Bene
353 2879 392 2948 de
407 2879 639 2948 mathematica
655 2886 689 2947 et
701 2882 901 2947 astronomia
916 2883 1066 2947 meritum
1079 2901 1147 2947 esse
1160 2879 1322 2948 Theonem

186 2995 309 3081 scripta
329 2995 397 3061 eius
420 2994 655 3075 demonstrant,
680 3015 763 3078 quae
785 2974 843 3061 aut
865 2994 1034 3080 deperdita
1056 2999 1115 3060 aut
1137 2995 1322 3060 etiamnunc

185 3113 261 3174 sunt
276 3113 415 3173 servata.
455 3105 551 3172 Haud
568 3106 683 3172 humili
697 3108 769 3174 loco
784 3106 926 3173 habendi
945 3111 1021 3172 sunt
1043 3107 1267 3172 commentarii
1288 3105 1323 3171 in

184 3220 331 3286 Euclidis
367 3220 528 3286 elementa
564 3219 753 3305 conscripti,
789 3221 845 3305 qui
882 3219 1104 3285 inscribuntur
1138 3218 1321 3300 Συνουσίαι,

186 3332 266 3399 editi
281 3332 316 3397 in
330 3332 476 3398 Euclidis
492 3333 659 3399 elementis
680 3355 699 3400 a
716 3334 747 3400 S.
764 3333 914 3418 Gryuaeo
933 3333 1056 3398 emissis
1079 3332 1193 3417 (Basil.
1213 3333 1320 3418 1533).

186 3445 250 3524 Qui
272 3467 386 3512 ansam
400 3444 601 3530 praebebant
615 3467 752 3531 magnae
767 3447 853 3513 inter
871 3444 1016 3511 Euclidis
1040 3443 1182 3511 editores
1198 3443 1323 3530 discep-

184 3559 334 3641 tationis,
358 3579 456 3642 quam
479 3559 581 3626 fusius
603 3581 668 3626 non
690 3581 798 3626 meum
822 3565 872 3626 est
889 3559 946 3626 hic
965 3557 1126 3644 persequi.
1163 3557 1321 3623 Omnibus

185 3676 296 3738 autem
318 3672 523 3760 disceptandi
544 3672 726 3740 rationibus
754 3673 937 3759 perpensis,
966 3669 1112 3757 proxime
1141 3671 1321 3738 adrerum

185 3785 340 3860 accedere
369 3786 513 3869 videtur,
542 3807 659 3853 novam
690 3786 854 3854 Thoonem
884 3785 1030 3852 Euclidis
1060 3784 1235 3852 editionem
1264 3784 1320 3852 ad-

185 4009 391 4018 ἰι-...ῃ-

245 4148 272 4218 ¹⁸)
291 4147 344 4202 cfr.
362 4147 499 4216 Schmidii,
526 4149 560 4203 de
578 4149 681 4203 Theon.
699 4153 726 4204 et
743 4149 868 4220 Hypatia,
886 4150 968 4204 ienae
988 4151 1062 4205 1691.
1081 4180 1115 4190 -
1133 4149 1321 4217 Wernsdoriti,

184 4243 257 4298 Diss.
275 4243 322 4298 IV.
342 4243 375 4298 de
392 4243 510 4315 Hypatia
527 4243 623 4314 philos.
643 4245 720 4299 Alex.
741 4245 827 4302 Viteb.
848 4247 922 4300 1747.
946 4275 981 4286 --
1002 4244 1321 4314 Saxii,0nom.1.4oa‚

184 4338 233 4394 ubi
250 4337 304 4395 alia
320 4338 413 4396 videas
431 4337 532 4409 scripta
549 4338 583 4395 de
600 4339 725 4411 Hyperia.
