3098 4908
721 231 757 306 19

170 452 385 532 rhetoricam,
420 453 455 520 in
485 473 585 538 quam
612 453 675 520 isto
706 457 852 540 tempore
882 475 1007 522 summa
1036 476 1110 532 cnm
1129 455 1309 543 ¹diligentia

171 568 232 634 viri
246 566 336 634 docti
351 565 577 648 incubuerunt,
590 571 623 632 et
639 588 764 634 summa
779 567 940 652 dignitate
954 568 1081 636 fruetus
1096 570 1152 636 ille
1167 571 1305 655 videtur,

171 680 291 766 quippe
306 699 414 764 ¹quum
436 680 485 744 vir
505 679 684 747 consularis
705 684 739 746 et
760 679 945 764 praefectus
960 700 980 748 a
997 681 1097 750 Suida
1111 685 1306 750 nominetur.

173 795 432 860 commentatum
456 793 554 859 etiam
576 813 647 858 esse
669 793 832 859 Theonem
853 798 979 862 veteres
1001 799 1147 862 oratores
1169 817 1234 862 non
1257 802 1307 862 est

171 906 260 991 quod
283 905 485 986 dubitemus;
508 906 613 990 patris
630 905 761 990 quidem
777 906 944 990 Gymnasii
967 912 1000 974 et
1020 908 1121 992 ipsius
1142 908 1306 992 sophistae

172 1018 424 1086 commentarius
446 1018 480 1083 in
501 1016 751 1086 Demosthenem
766 1025 964 1086 memoratur
978 1041 999 1086 a
1015 1020 1115 1087 Suida
1128 1042 1153 1086 s.
1165 1043 1194 1087 ν.
1209 1021 1306 1106 Gym-

172 1132 292 1199 nasius.
327 1129 430 1198 Venio
453 1150 539 1196 nunc
562 1130 605 1196 ad
627 1131 792 1214 ultimum,
816 1151 912 1215 quem
934 1139 1169 1199 recensuerunt
1191 1133 1306 1200 Suidas

173 1249 272 1330 atque
295 1243 450 1326 Eudocia,
474 1243 653 1311 Theonem:

172 1465 367 1560 Μαρκέλλης
388 1468 427 1535 τὸ
448 1468 485 1554 γὲ
506 1465 676 1554 ἀνέκαθεν,
706 1468 744 1536 τὸ
766 1469 803 1536 δὲ
825 1464 862 1552 ἐξ
883 1465 1029 1556 ίττονίυυ
1049 1467 1217 1562 πατρόθεν
1239 1467 1307 1538 οἷσί

170 1579 340 1666 Ἔκδηλον,
362 1578 558 1650 διδασκάλου
572 1582 627 1648 καί
641 1576 757 1648 τούτου
772 1576 885 1671 τέχνης
899 1583 1076 1672 ῥητορικῆς.
1097 1577 1133 1672 ἦν
1152 1582 1189 1650 δὲ
1211 1575 1308 1663 οὗτος

173 1696 191 1762 d
215 1691 305 1762 Θέων
325 1692 363 1762 οὐ
385 1691 475 1779 μάλα
497 1691 646 1781 ἀγχίνους
669 1691 745 1762 οὐδὲ
768 1691 854 1778 ὀξύς,
876 1696 1066 1784 φιλομαθής
1087 1696 1123 1764 δὲ
1144 1698 1198 1763 καί
1213 1695 1307 1788 φιλό-

172 1832 273 1888 πονος
295 1807 344 1888 εἰς
365 1808 555 1898 ὑπερβολήν,
583 1803 685 1873 τοῦτοί
707 1832 759 1873 τοι
780 1809 835 1875 καί
856 1804 995 1894 ἐγεγόνει
1017 1805 1309 1893 πολυμαθέστατος

173 1919 207 1988 ἐν
228 1918 327 2007 ὀλίγῳ
348 1903 453 2011 χρόνῳ
475 1919 596 2010 πολλήν
617 1917 756 2010 ἀρχαίαν
771 1919 925 2011 ἱστορίαν,
941 1921 1061 2010 πολλὴν
1077 1922 1112 1987 δὲ
1127 1919 1201 1989 νέαν
1214 1945 1308 2014 στερι-

172 2030 379 2119 βαλλόμενος.
416 2035 511 2120 Apud
533 2035 712 2101 Eudcciam
734 2036 769 2102 in
783 2036 866 2102 Viol.
887 2037 1070 2120 posteriora
1087 2035 1224 2102 fortasse
1240 2057 1309 2104 rec-

172 2151 240 2215 tius
262 2148 310 2214 ita
331 2148 500 2232 leguntur:
524 2140 651 2237 ἔγραψε
671 2143 782 2236 τέχνην
804 2146 981 2238 ῥητορικήν,
1005 2143 1142 2238 ἀρχαίαν
1164 2148 1309 2238 ἱστορίαν

159 2261 226 2344 ὶναὶ
248 2254 332 2338 ἄλλα
352 2257 434 2326 arvei.
485 2263 534 2329 De
562 2268 671 2329 aetate
694 2263 789 2328 huius
818 2262 956 2328 Theonis
979 2263 1225 2348 disceptandum
1246 2267 1307 2328 est.

172 2376 371 2442 Mentionem
399 2377 485 2442 enim
515 2375 595 2442 facit
626 2375 742 2442 Suidas
764 2373 902 2457 Ecdinii,
925 2375 1075 2460 magistri
1097 2377 1178 2442 artis
1199 2376 1308 2442 rheto-

172 2489 278 2570 ricae,
303 2509 323 2554 υ
344 2509 417 2573 quo,
438 2490 466 2554 si
484 2490 604 2554 aetatis
624 2489 789 2574 proximae
811 2489 992 2572 respexeris
1010 2492 1181 2573 paternum
1196 2509 1307 2572 genus,

173 2597 347 2668 oriundum
370 2623 444 2668 eum
468 2623 537 2668 esse
560 2607 710 2668 testatur.
734 2601 900 2667 xEcdicius
914 2607 1024 2668 autem
1038 2602 1159 2668 sodalis
1177 2603 1240 2669 fuit
1255 2603 1308 2667 Li·
1334 2635 1338 2643 ·

172 2715 277 2797 banii,
293 2715 349 2800 qui
364 2714 538 2780 honorifice
554 2715 676 2780 eumin
692 2715 838 2799 epistolis
864 2721 1022 2782 memorat
1044 2714 1193 2800 idemque
1215 2731 1307 2800 prae·

173 2827 278 2894 fectus
286 2827 426 2912 Aegypti
437 2832 534 2892 notus
545 2827 600 2893 ifle
612 2827 767 2894 codicillis
781 2828 899 2894 Iuliani
914 2828 1137 2914 imperatoris,
1153 2829 1263 2911 itaque
1279 2829 1307 2894 si

173 2940 260 3006 idem
283 2945 368 3006 esset
390 2939 541 3006 Ecdicius
565 2941 628 3006 iste
651 2946 748 3025 atque
771 2941 909 3008 Theonis
931 2945 1036 3026 pater,
1060 2941 1198 3007 Theonis
1220 2949 1309 3006 aeta·

174 3057 241 3118 tem
262 3053 297 3118 in
318 3053 440 3120 saeculi
468 3055 578 3138 quarti
606 3053 703 3120 finem
734 3060 768 3120 et
795 3054 901 3138 quinti
930 3054 1060 3120 initium
1089 3052 1231 3118 incidere
1254 3075 1309 3118 ne·

175 3186 263 3232 cesse
290 3172 378 3232 esset
401 3167 606 3252 accipiamus.
645 3166 706 3232 Cui
724 3167 866 3248 obstant,
891 3189 973 3250 quae
995 3165 1082 3250 apud
1102 3165 1254 3230 Photium
1274 3165 1308 3229 in
1414 3180 1416 3185 ·

173 3277 251 3343 bibl.
267 3299 320 3364 pg.
335 3278 424 3344 3391)
441 3279 489 3344 ed.
506 3279 606 3344 Bekk.
622 3279 662 3344 de
679 3280 808 3345 Theona
824 3280 993 3362 leguntur,
1014 3279 1094 3344 dicit
1117 3278 1202 3343 enim
1224 3277 1308 3342 Pho-

116 3467 124 3486 ·
174 3390 239 3457 tius
255 3391 461 3456 Damascium
482 3392 517 3457 in
538 3393 606 3458 vita
627 3393 745 3458 Isidori
767 3391 951 3477 philosophi
975 3391 1015 3456 de
1035 3390 1163 3456 Theone
1179 3409 1307 3472 quoque

173 3505 332 3587 retulisse,
348 3508 382 3570 et
402 3524 484 3588 quae
506 3503 602 3572 affert
623 3505 758 3572 Photius
780 3525 821 3570 ex
843 3504 901 3569 illa
923 3504 1004 3584 vita,
1027 3501 1219 3569 adverbum
1240 3500 1307 3566 fere

175 3637 248 3682 cnm
272 3617 373 3684 Suida
395 3617 578 3684 concinunt.
617 3618 732 3702 Itaque
747 3615 921 3683 verisimile
936 3616 1074 3697 videtur,
1089 3635 1175 3698 quae
1192 3613 1307 3680 Suidas

172 3731 344 3813 notaverit,
368 3751 407 3796 ex
430 3729 542 3796 sedem
570 3729 700 3796 fluxisse
723 3730 812 3796 fonte
835 3730 855 3794 i.
880 3750 907 3795 a
931 3750 948 3794 e
971 3729 1134 3795 Damascii
1156 3728 1223 3794 vita
1246 3727 1308 3793 Isi·

173 3841 263 3923 dori3
278 3843 313 3910 id
335 3843 424 3929 quod
445 3834 481 3910 ec
497 3843 604 3927 magis
623 3843 770 3908 conicere
792 3843 905 3925 velim,
928 3842 1015 3926 quod
1036 3840 1235 3908 brevissimis
1258 3861 1308 3905 re·
1337 3845 1339 3851 '

76 4025 84 4035 ,
174 3955 351 4022 lotionibus
375 3956 492 4023 Suidas
515 3957 597 4022 alios
619 3955 764 4021 Theones
788 3961 1034 4037 commemorat,
1059 3956 1093 4020 in
1115 3954 1175 4020 hoc
1198 3959 1313 4032 autem,

174 4067 303 4136 Theona
319 4070 528 4151 illustrando,
551 4070 641 4135 cuius
657 4068 888 4135 obscuritatem
902 4069 998 4154 longe
1014 4072 1147 4153 superat
1169 4066 1307 4132 aliorum

172 4179 336 4266 nobilitas,
355 4183 484 4268 prolixa
501 4204 579 4249 usus
602 4186 653 4249 est
675 4183 848 4250 verborum
870 4183 971 4267 copia.
1006 4181 1056 4246 Ex
1071 4181 1128 4246 illo
1144 4180 1307 4246 Damascii

172 4292 245 4362 loco
269 4295 432 4364 Theonem
453 4296 570 4362 vixisse
593 4295 697 4362 conici
718 4299 828 4382 potest
850 4301 925 4363 ante
952 4302 1080 4379 tempus
1109 4299 1166 4360 aut
1196 4292 1308 4359 eodem

1100 4417 1116 4469 3
1124 4413 1136 4442 Ω
