3098 4908
798 249 841 326 30

249 474 360 538 monet
375 469 613 558 Atrensiusw).
648 469 811 538 Thoonem
829 474 940 536 autem
959 471 1205 554 grammaticum
1226 469 1288 537 hoc
1309 470 1385 539 loco

249 605 320 652 esse
342 583 606 669 intelligendum,
630 605 669 650 ex
690 585 770 667 illis,
794 605 878 670 quae
901 585 988 652 infra
1009 584 1050 651 de
1072 585 1202 670 scriptis
1225 585 1293 650 eius
1316 584 1384 651 dis·

246 696 451 784 putabimus,
482 697 625 782 aliquam
655 699 794 784 accipiet
822 697 1145 766 verisimilitudinem.
1192 697 1272 779 Hic,
1303 697 1383 782 quid

248 809 289 876 de
320 810 526 877 Artemidoro
556 816 650 896 patre
681 811 890 878 statuendum
912 813 972 892 sit,
1009 809 1221 894 investigabo.
1265 811 1381 876 Plures

249 921 366 1008 quibus
388 944 504 988 nomen
527 929 576 989 est
599 923 824 990 Artemidorus
847 929 1157 1000 commemorantur,
1186 943 1286 1007 quare
1310 924 1383 1006 quis

246 1035 333 1102 inter
355 1035 487 1132 'multos
520 1035 660 1102 Theonis
693 1043 787 1122 pater
824 1036 941 1118 fuerit,
978 1037 1032 1102 vix
1068 1041 1212 1102 statuere
1248 1035 1383 1119 poteris.

247 1149 403 1227 Attamen
430 1148 464 1213 in
489 1147 597 1233 Etym.
621 1149 728 1232 Magn.
752 1150 773 1215 l.
797 1148 818 1214 l.
843 1150 1085 1216 Artemidorum
1108 1147 1384 1234 Aristophaneum

247 1260 494 1345 intelligendum
526 1283 596 1327 esse
623 1283 736 1328 omnes
765 1263 986 1343 consentiunt,
1016 1263 1051 1328 in
1081 1259 1383 1328 circumscribendis

247 1378 357 1440 autem
373 1375 442 1440 eius
457 1375 544 1441 vitae
565 1374 684 1441 finibus
703 1376 822 1460 insigni
837 1376 1017 1441 variatione
1037 1376 1124 1440 inter
1136 1355 1382 1440 ‘se'diseedout

246 1471 385 1571 Propter
421 1488 673 1576 appellationem
707 1481 979 1577 Ἀριστοφάνειος
1008 1487 1058 1553 vel
1092 1481 1383 1575 Ψευδοαριστοφά-

246 1600 381 1685 νειοςίῑ)
411 1601 557 1684 proxime
584 1600 625 1667 ab
652 1601 870 1686 Aristophane
901 1602 1113 1686 grammatico
1140 1599 1382 1667 Artemidorum

247 1713 359 1782 abesse
379 1718 577 1799 putaverunt
592 1713 883 1796 Wuestemannus,
907 1713 1040 1779 Theoer.
1063 1735 1116 1798 pg.
1139 1713 1257 1795 XXIL,
1281 1713 1382 1778 Fritz-

247 1826 369 1906 schius,
397 1825 437 1892 de
466 1830 553 1912 pott.
578 1826 692 1893 Graec.
716 1826 821 1892 bucol.
844 1847 897 1913 pg.
921 1831 977 1906 29,
1004 1827 1184 1907 Nauckius,
1214 1825 1380 1910 Aristoph.

248 1939 324 2023 Byz.
347 1960 400 2025 pg.
424 1945 461 2020 43
490 1960 628 2023 eumque
657 1961 726 2005 esse
749 1939 935 2006 iudicarunt
958 1939 1156 2006 Fritzschius
1179 1945 1213 2004 et
1235 1939 1382 2006 Wueste·

245 2073 399 2133 mannus,
428 2071 523 2136 quem
552 2053 753 2137 epigramma
780 2054 815 2119 in
841 2052 973 2119 Anthol.
1001 2053 1106 2118 Palat.
1135 2052 1191 2118 IX.
1220 2055 1282 2116 205
1312 2071 1383 2116 car-

245 2165 334 2230 mina
364 2165 411 2232 ait
438 2165 605 2250 collegisse
635 2164 791 2231 bucolica.
836 2165 1071 2250 Aristophanes
1099 2186 1175 2232 vero
1205 2165 1383 2250 Byzantius

246 2296 346 2361 quum
369 2297 395 2342 c.
420 2281 483 2344 220
506 2291 535 2343 a‘.
560 2276 634 2343 Chr.
657 2276 805 2344 floruerit
814 2279 871 2364 48),
901 2279 956 2363 qui
981 2277 1222 2344 Artemidorum
1245 2276 1286 2343 ob
1309 2277 1384 2343 Ari·

247 2390 461 2475 stophaneum
484 2411 662 2475 cognomen
689 2391 778 2456 illius
807 2389 1002 2476 discipulum
1030 2390 1128 2457 fuisse
1156 2394 1287 2476 putant,
1315 2389 1383 2456 illis

245 2502 399 2588 ponenda
425 2508 475 2569 est
503 2508 594 2569 aetas
623 2503 819 2578 Artemidori
845 2505 880 2570 in
909 2503 1038 2570 saeculo
1065 2525 1094 2568 a.
1120 2503 1193 2570 Chr.
1216 2525 1248 2568 n.
1277 2503 1382 2568 altero

246 2619 279 2681 ct
301 2615 431 2699 quidem
452 2616 617 2701 inpriore
640 2618 708 2681 eius
732 2616 875 2683 dimidio.
909 2617 1024 2700 Itaque
1046 2616 1244 2683 Fritzschius
1264 2637 1317 2700 pg.
1340 2619 1381 2680 32

246 2732 279 2794 et
301 2728 407 2812 ipsum
429 2727 605 2809 Theonem,
634 2729 690 2812 qui
715 2727 801 2795 filius
828 2733 886 2794 aut
913 2729 1107 2814 discipulus,
1135 2735 1172 2795 ut
1201 2728 1383 2795 Fritzschio

244 2839 368 2925 placet,
391 2841 425 2906 in
444 2840 497 2906 Et.
517 2840 560 2906 Μ.
577 2841 732 2908 laudatur
753 2841 967 2923 Artemidori,
993 2842 1257 2927 distinguendum
1278 2840 1381 2926 probe

217 2953 356 3020 ·‘monet
389 2974 409 3020 a
442 2953 571 3020 Thoone
606 2953 824 3022 Alexandrino
857 2955 1048 3040 philosopho
1084 2955 1209 3035 Stoico,
1244 2955 1381 3040 Apionis

245 3071 458 3132 antecessore.
505 3066 569 3133 Sed
598 3087 681 3132 unus
708 3068 764 3132 ille
790 3070 907 3133 miram
935 3069 1018 3134 hano
1046 3067 1085 3133 de
1108 3067 1248 3134 Theonis
1271 3072 1382 3134 aetate

245 3180 417 3264 proposuit
431 3179 640 3261 sententiam,
662 3201 760 3264 quam
775 3178 906 3246 uberius
921 3181 1043 3246 refutat
1059 3180 1251 3262 Ahrensius‚
1272 3179 1380 3246 bucol.

245 3311 351 3374 graec.
374 3291 415 3357 11.
443 3313 496 3377 pg.
524 3293 623 3358 XXX.
652 3314 738 3377 sqq.,
773 3293 910 3359 eundem
943 3315 1019 3360 vero
1053 3314 1149 3378 quem
1182 3292 1382 3360 Fritzsehius

246 3404 406 3471 commisit
428 3425 587 3487 errorem3
615 3427 690 3472 nam
717 3405 880 3473 Thoonem
909 3406 1105 3472 Artemidori
1132 3427 1246 3473 revera
1274 3427 1382 3490 gram-

246 3645 451 3658 m

297 3795 331 3860 ‘⁰)
351 3793 404 3849 Cfr.
413 3795 446 3849 H.
458 3793 489 3848 L.
501 3795 630 3864 Ahrens,‚
646 3793 830 3849 Bucolicorum
847 3811 1001 3865 graecorum
1018 3795 1166 3864 Theocriti,
1180 3796 1257 3852 Bion.
1273 3755 1381 3854 Mosch.

245 3887 334 3959 Reliq.
352 3887 427 3959 Lips.
448 3889 521 3944 1859.
539 3890 574 3944 Π,
592 3908 617 3959 p.
638 3893 694 3944 173.

295 4009 329 4075 Μ)
349 4007 402 4063 cu.
419 4009 519 4066 Athen.
538 4011 585 4067 IV.
604 4011 685 4065 18211.
704 4012 725 4066 Ι.
744 4016 767 4068 5.
781 4013 833 4084 lX.
852 4012 935 4069 38711.
953 4013 1025 4069 XIV.
1045 4014 1125 4070 662e.
1145 4014 1229 4070 663d.

296 4131 333 4200 ⁴²)
352 4130 406 4187 ctr.
421 4131 571 4200 NauckiuS,
581 4132 726 4204 'Aristoph.
742 4134 805 4204 Byz.
821 4119 916 4205 fragm.
931 4154 958 4206 p.
970 4140 1006 4205 4.,
1020 4138 1117 4193 aetolis
1135 4136 1327 4207 Aristophanis
1347 4138 1380 4194 Β.

244 4225 311 4282 lines
328 4226 367 4283 ita
384 4227 585 4296 circumscribit,
608 4233 638 4284 ut
655 4230 696 4284 01.
722 4231 778 4284 129.
796 4248 821 4284 v.
841 4233 890 4286 130
911 4231 943 4301 (c.
961 4232 1013 4288 260
1030 4247 1054 4288 a.
1073 4232 1135 4288 Chr.
1154 4233 1190 4302 n.)
1208 4237 1316 4300 natum,
1335 4231 1380 4290 01.

246 4323 295 4376 148
313 4337 337 4376 v.
358 4323 407 4376 149
424 4322 456 4392 (c.
476 4325 525 4377 185
542 4338 566 4378 a.
584 4323 657 4396 Chr.)
676 4323 831 4381 defunctum
847 4327 923 4381 illum
940 4326 1020 4382 dicat.
