3098 4908
148 457 326 524 maticum
347 458 625 543 Aristophaneum
646 465 775 545 patrem
801 458 951 527 habuisse
972 481 1033 546 pro
1056 466 1144 527 certo
1166 461 1233 526 fere
1256 461 1304 528 ait

148 568 283 636 haberi
304 591 415 655 posse,
442 571 533 636 nulla
559 571 625 638 aha
651 593 750 638 causa
772 577 896 654 metue,
919 594 1018 657 quarn
1040 572 1128 657 quod
1149 577 1245 657 pater
1268 579 1301 640 et

148 681 253 750 filius
269 682 427 752 bucolicis
447 691 480 750 et
496 684 693 752 Callimacho
709 682 966 770 interpretandis
982 706 1115 770 operam
1129 691 1303 753 navassent

150 800 268 880 atque
300 798 431 880 utrique
468 796 568 864 tribui
599 802 734 883 possent
767 796 871 878 λέξεις
902 796 1049 880 κωμικοί.
1095 797 1302 878 Quinetiam

150 908 346 976 Ahrensius
367 909 429 976 hoc
450 908 551 976 habet
573 911 654 976 satis
676 917 892 995 compertum,
923 916 957 976 et
977 909 1082 992 λέξεις
1102 905 1245 993 κωμικοές
1268 917 1301 978 et

151 1021 418 1106 hypomnemata
447 1023 483 1088 in
512 1022 750 1088 Callimachum
776 1029 836 1090 aut
866 1025 1039 1090 coniuncta
1059 1025 1165 1108 patris
1187 1029 1221 1090 et
1242 1022 1301 1089 filii

155 1156 268 1219 opera
290 1135 379 1200 edita
402 1155 474 1202 esse
496 1142 554 1200 aut
576 1156 597 1200 a
618 1133 686 1201 filio
707 1137 813 1220 patris
835 1136 937 1220 copiis
951 1157 1027 1216 uso,
1047 1141 1085 1202 ut
1106 1135 1166 1202 snb
1181 1138 1302 1203 utrius-

156 1268 230 1332 que
251 1249 382 1313 nomine
403 1247 585 1332 promiscue
608 1246 737 1315 laudari
763 1249 955 1333 potuissent.
1000 1249 1044 1314 Et
1069 1249 1176 1334 ipsum
1204 1249 1301 1316 huius

156 1362 214 1426 rei
242 1360 423 1445 exemplum
450 1359 546 1428 affert
575 1381 615 1426 ex
646 1361 813 1427 Athenaeo
844 1360 930 1426 XIV.
962 1364 1064 1443 6400,
1098 1361 1155 1427 ubi
1184 1361 1299 1428 eadem

159 1471 332 1558 Tryphoni
346 1472 551 1556 tribuuntur,
568 1494 652 1557 qnae
670 1474 704 1538 in
722 1474 895 1558 proximu,
917 1477 1023 1556 filla,
1047 1475 1202 1560 Dionysio
1220 1475 1298 1557 Try-

159 1585 281 1670 phonis
304 1585 524 1668 vindicantur;
549 1586 607 1654 sed
627 1587 691 1672 ipsi
703 1586 872 1653 'Ahrensio
899 1586 1072 1668 ,audacius
1092 1587 1146 1670 agi
1162 1587 1299 1666 videtur,

162 1699 194 1764 si
222 1699 294 1782 quis
322 1721 339 1765 e
367 1699 507 1766 lectione
532 1693 796 1788 Ἀρτεμιδώρου,
823 1721 921 1785 quam
947 1701 982 1766 in
1011 1699 1110 1766 schol.
1134 1698 1299 1783 Aristoph.

162 1811 261 1896 Vesp.
287 1817 371 1878 1144
392 1813 534 1897 optimus
557 1813 658 1879 codex
679 1834 740 1898 pro
760 1813 959 1879 nominativo
974 1811 1124 1898 praebet,
1149 1811 1300 1896 colligere

167 1925 245 1992 velit
265 1947 376 1994 veram
402 1925 575 1992 lectionem
602 1947 673 1992 esse
702 1919 989 2014 δ’Λρσεμιδώροο
1014 1926 1036 1992 i.
1062 1946 1089 1992 e.
1117 1925 1243 2006 Theon,
1267 1929 1300 1990 et

169 2037 304 2106 similem
324 2061 468 2106 errorem
490 2040 590 2106 etiam
612 2039 647 2104 in
669 2039 744 2104 aliis
766 2038 955 2106 accidisse“.

211 2152 300 2232 Quae
322 2153 431 2218 omnia
447 2151 528 2219 bene
550 2173 620 2219 sese
636 2150 810 2234 haberent,
835 2151 862 2218 si
878 2149 1027 2218 omnibns
1044 2150 1161 2235 quibus
1177 2151 1299 2216 mentio

164 2263 205 2330 fit
218 2265 417 2332 Artemidori
433 2265 513 2332 locis
530 2264 772 2332 Artemidorum
787 2263 1034 2350 intelligendum
1050 2285 1120 2330 esse
1132 2268 1300 2330 constaret

167 2376 449 2462 Aristophaneum.
478 2378 573 2457 Quod
594 2399 707 2444 vereor
729 2399 770 2444 ne
792 2378 840 2442 illi
863 2377 1046 2444 concedam.
1081 2376 1206 2443 Pluries
1230 2377 1301 2460 qni·

165 2489 241 2556 dem
279 2491 501 2560 Artemidorus
538 2491 795 2576 Aristophaneus
837 2491 887 2557 vel
924 2488 1299 2574 Pseudoaristophaneus

164 2611 436 2672 commemoratur
465 2604 506 2672 ab
536 2605 705 2672 Athenaeo
733 2610 766 2670 et
793 2603 924 2688 quidem
946 2607 1103 2688 tanquam
1125 2608 1241 2669 auctor
1261 2603 1300 2666 li·

163 2715 298 2785 brorum
327 2717 407 2807 περί
435 2717 586 2806 Δωρίδος
612 2718 681 2804 (IV.
708 2722 768 2782 182
776 2717 822 2802 d.)
853 2723 886 2784 et
913 2715 1029 2797 λέξεων
1057 2716 1123 2784 sire
1151 2715 1300 2800 γλωσσῶν

169 2824 395 2919 ὀψαριοτικιιῑν
410 2832 449 2916 (Ι.
474 2837 502 2897 5.
525 2830 556 2897 b.
579 2831 635 2896 IX.
659 2830 760 2896 send.
781 2830 867 2896 XIV.
889 2834 978 2895 662e
1001 2828 1126 2914 663d.),
1147 2850 1242 2914 quem
1258 2825 1300 2894 ab

163 2941 238 3025 illo,
267 2945 322 3028 qui
351 2946 495 3010 carmina
520 2943 668 3011 bucolica
695 2949 793 3011 antea
816 2939 968 3027 'dispersa
993 2943 1028 3008 in
1057 2962 1158 3007 unum
1180 2961 1298 3027 corpus

164 3058 281 3140 coligit,
304 3079 369 3123 non
391 3058 554 3124 diversum
577 3079 647 3124 esse
670 3056 711 3123 ob
734 3057 835 3124 libros
858 3056 927 3122 eins
949 3054 1030 3143 περὶ
1051 3052 1202 3141 Δωρίδος
1225 3074 1300 3119 con-

162 3168 251 3235 icere
285 3171 401 3253 velim3
434 3177 467 3238 et
498 3170 560 3238 hae
592 3172 627 3238 in
654 3193 690 3238 re
719 3191 829 3237 omnes
865 3170 1080 3235 consentiunt.
1129 3167 1167 3232 Id
1193 3168 1300 3252 ipsum

162 3302 241 3348 vero
264 3283 342 3348 mihi
365 3304 564 3369 quamquam
585 3305 651 3352 non
676 3282 858 3368 ignoranti,
886 3286 1020 3367 propter
1047 3275 1300 3365 appellationem

160 3389 435 3486 Ἀριστοφανείου
449 3417 656 3482 nequaquam
667 3416 798 3464 necesse
809 3415 878 3466 esse
890 3398 1046 3478 sequatur
1058 3391 1299 3492 Artemidorum

162 3507 267 3576 Arist.
300 3509 495 3595 disoiprdum
528 3509 627 3576 fuisse
660 3506 887 3593 Aristophanis
921 3506 1014 3592 Bya,
1047 3503 1193 3589 exemplo
1221 3503 1298 3570 dato

161 3621 343 3706 Pamphili,
378 3623 434 3706 qui
466 3623 529 3689 etsi
561 3644 581 3688 a
612 3621 712 3689 Suida
745 3617 973 3687 Aristarchens
1004 3617 1139 3698 dicitur,
1172 3614 1299 3682 duobus

163 3735 303 3800 saeculis
324 3740 400 3820 post
421 3734 647 3802 Aristarchum
668 3735 763 3817 vixit,
785 3732 916 3801 omnino
938 3729 1115 3817 persuasit,
1144 3734 1183 3797 nt
1203 3729 1266 3794 Art
1284 3765 1298 3778 -

161 3846 325 3913 midorum
340 3849 441 3915 Arist.
454 3871 519 3915 non
535 3847 591 3914 diu
604 3853 680 3934 post
691 3847 943 3931 Aristophanem
952 3845 1027 3930 Byr.
1041 3843 1158 3910 vixisse
1174 3847 1297 3928 putem.

162 3959 248 4026 Nam
281 3961 324 4028 ad
356 3967 502 4029 veterum
535 3961 821 4046 grammaticorum
847 3957 1140 4026 Alexandrinorum
1170 3961 1298 4040 tempus

161 4073 303 4140 maxime
326 4074 605 4164 accommodatum
629 4078 679 4140 est
694 4077 865 4158 pottarum
880 4070 1023 4137 carmina
1038 4075 1134 4136 antea
1150 4065 1298 4152 dispersa

161 4187 198 4252 in
219 4207 320 4254 unum
343 4208 460 4274 eorpus
483 4187 655 4273 colligendi
686 4185 839 4252 studium.
884 4185 929 4250 Et
956 4184 1164 4250 Theocritum
1192 4182 1299 4266 ipsum

161 4299 397 4385 Idyllia,ssdum
423 4304 559 4385 viveret,
589 4324 654 4368 non
681 4300 729 4368 ita
756 4300 908 4384 edidisse,
939 4305 976 4364 ut
1005 4319 1106 4364 unum
1135 4292 1299 4381 quoddam
