3098 4908
734 231 778 308 59

654 334 860 350 m

188 454 300 522 insunt
314 451 494 522 breviorem
515 452 550 518 in
571 452 709 520 formam
725 454 868 522 redacta.
908 456 997 536 Quae
1013 455 1196 524 observatio
1212 457 1327 526 Webe-

106 639 115 646 ,
187 587 276 649 rum,
299 565 340 632 de
362 565 440 632 Hes.
464 565 578 650 epist,
607 567 820 636 conicientem
842 567 939 651 facit,
962 576 995 636 et
1017 571 1135 656 tragici
1156 575 1190 638 et
1212 573 1327 638 comici

188 679 339 764 Didymei
368 677 464 748 lexici
494 677 575 748 duas
600 680 768 774 exstitisse
801 680 976 765 editiones,
1012 704 1151 768 quarum
1185 684 1326 752 alteram

188 791 281 860 libris
310 791 446 858 divisam
468 795 526 858 aut
548 795 721 877 petitorum
743 793 946 878 singulorum
968 793 1126 862 vocabula
1148 797 1326 880 separatim

188 910 331 973 tractata
353 903 636 990 comprehendisse
662 910 776 990 putat,
809 912 868 974 aut
896 927 957 992 pro
989 909 1147 976 varietate
1169 910 1325 979 orationis

188 1024 222 1086 et
244 1020 388 1104 tragicae
411 1023 445 1084 et
467 1017 609 1084 comicae
631 1039 690 1086 suo
706 1039 855 1103 quaeque
871 1020 981 1103 generi
997 1022 1139 1086 omnium
1153 1026 1326 1106 poetarum

187 1132 346 1200 vocabula
361 1133 574 1198 communiter
589 1130 773 1214 subiuncta,
796 1133 937 1200 alteram
952 1133 995 1198 ad
1011 1134 1124 1200 literas
1138 1134 1325 1202 institutam

187 1267 273 1327 esse,
304 1265 439 1328 eamque
469 1243 511 1310 cb
541 1265 672 1312 causam
702 1245 906 1329 inscriptioni
935 1246 1031 1312 huius
1059 1246 1154 1312 lexici
1177 1246 1325 1314 additum

188 1380 260 1426 esse
279 1352 512 1440 .,,σύμμιιινος.“
555 1357 724 1442 Leguntur
746 1358 832 1424 enim
854 1358 888 1426 in
904 1357 1009 1426 Schcl.
1026 1359 1175 1445 Apellen.
1192 1359 1252 1426 Rh.
1268 1360 1323 1426 IV.

189 1476 251 1538 973
274 1471 356 1538 haec
377 1469 493 1538 verba:
518 1465 771 1558 ὀρείχαλκος....
794 1463 896 1547 οὕτως
919 1462 957 1558 ἦν
979 1469 1012 1536 ἐν
1033 1474 1073 1558 νῇ
1093 1474 1218 1558 κωμικῇ
1238 1471 1325 1552 λέξει

186 1586 227 1672 τῇ
257 1583 442 1668 συμμίκνῳ,
472 1603 556 1668 quae
590 1584 774 1650 retulerunt
808 1605 918 1650 omnes
947 1583 989 1650 ad
1018 1584 1150 1668 Didymi
1182 1585 1323 1672 opus.⁵³)

187 1699 282 1766 Hanc
303 1697 389 1778 λέξιν
410 1695 550 1785 κωμικῆν
572 1692 750 1779 σύμμικτον
779 1696 1023 1781 aDiogenianc
1051 1695 1231 1764 adhibitam
1254 1719 1325 1766 esse

187 1811 356 1896 probabile
379 1815 430 1877 est
452 1815 588 1897 propter
618 1809 891 1890 convenientiam,
922 1830 1006 1893 quae
1036 1810 1210 1876 intercedit
1238 1812 1325 1877 inter

187 1923 385 2008 Hesychium
411 1928 444 1990 et
472 1923 572 1990 schol.
595 1922 703 2007 Apoll.
727 1922 830 1988 Rhod.
855 1921 992 1989 Ouinam
1013 1944 1089 1989 vero
1112 1924 1325 2008 grammatico

187 2037 268 2102 haec
291 2036 370 2102 lexis
392 2036 586 2104 vindicanda
608 2036 660 2116 sit,
683 2039 794 2100 utrum
818 2034 956 2120 Didymo
979 2055 1022 2102 an
1044 2036 1180 2118 Theoni,
1204 2036 1326 2104 anelii

187 2149 327 2231 cuidam,
344 2149 442 2216 certis
460 2149 565 2216 causis
582 2149 652 2216 erui
666 2168 731 2214 non
746 2151 864 2232 potest.
902 2148 987 2213 Nam
1002 2153 1134 2232 praeter
1148 2148 1325 2232 Didymum

187 2261 414 2348 Thoonemque
438 2263 519 2328 alios
542 2281 671 2345 quoque
693 2259 799 2341 λέξεις
820 2255 963 2343 saprade
984 2260 1170 2344 collegisse,
1198 2261 1326 2346 ipsein

186 2373 325 2460 epistola
358 2375 539 2460 Hesychius
571 2373 767 2459 profitetur;
808 2379 842 2440 et
878 2373 1025 2457 profecto
1065 2377 1155 2442 certo
1194 2379 1324 2440 exstant

185 2488 374 2554 testimonia
403 2488 443 2556 de
472 2488 546 2556 aliis
574 2507 669 2555 voces
696 2487 837 2554 comicas
859 2486 1096 2570 colligentibus,
1141 2486 1225 2554 Nam
1247 2488 1325 2571 Epi-

186 2601 319 2670 therseu
342 2602 609 2685 grammaticum,
637 2601 695 2685 qui
717 2599 846 2668 Nerone
875 2605 1033 2685 regnante
1061 2598 1209 2668 floruisse
1237 2600 1325 2666 vide·

186 2718 257 2796 tur,
281 2715 320 2784 de
342 2714 475 2784 vocibus
498 2714 607 2782 atticis
629 2734 730 2799 quum
753 2714 884 2782 comicis
906 2719 977 2782 tum
998 2714 1132 2798 tragicis
1155 2714 1324 2798 scripsisse

187 2829 283 2896 testis
305 2835 354 2898 cst
378 2827 561 2913 Stephanus
583 2827 659 2912 Byc.
692 2847 717 2892 s.
745 2849 778 2892 v.
798 2825 930 2892 Νίκαια.
942 2826 982 2911 ⁵4)
1031 2827 1207 2894 Praeterea
1228 2827 1323 2892 Pela-

185 2941 312 3008 medem
323 2941 491 3011 Athenaeo
507 2939 677 3026 aequalem
698 2937 837 3027 κινμιιιῆν
851 2938 906 3006 καὶ
920 2935 1070 3027 τραγικὴν
1083 2937 1170 3018 λέξιν
1184 2938 1324 3006 edidisse

186 3059 220 3124 ct
238 3053 354 3122 Suidas
376 3058 490 3122 narrat
513 3059 546 3122 et
560 3054 667 3138 Etym.
684 3052 793 3137 Magn.
816 3074 869 3138 pg.
887 3056 945 3120 145
967 3045 1183 3140 (Παλαμήδης
1205 3050 1324 3140 ἱστορι-

185 3166 244 3245 κός
258 3165 277 3232 d
291 3165 348 3255 τὴν
361 3165 502 3255 κωμικὴν
516 3166 602 3248 λέξιν
624 3160 837 3252 σνναγανών);
860 3165 1004 3232 eiusdem
1016 3165 1199 3232 Palamedis
1213 3170 1324 3232 aucto

185 3281 269 3349 ritas
292 3285 410 3365 qnater
432 3259 604 3350 exhibetur
625 3280 660 3346 in
683 3278 820 3348 Scholiis
843 3279 1006 3363 Aristoph.
1030 3280 1105 3344 Pac.
1130 3283 1203 3358 882,
1226 3277 1323 3362 Vesp.

187 3399 261 3462 710.
288 3397 380 3462 1108.
407 3397 505 3477 1122,
539 3397 573 3460 et
602 3397 654 3460 ter
681 3394 716 3458 in
738 3391 836 3460 schol.
860 3391 967 3476 Apoll.
991 3391 1094 3458 Rhod.
1119 3391 1143 3456 1.
1169 3395 1241 3457 704.
1264 3391 1322 3458 ΙΙΙ.

189 3511 276 3588 106.,
289 3507 345 3576 IV.
372 3510 462 3576 1563.
474 3506 516 3590 ⁵⁵)
566 3505 808 3574 Artemidorum
834 3523 981 3589 quoque,
1017 3504 1156 3570 Theonis
1185 3503 1324 3570 fortasse

189 3733 394 3742 ...nm—-

242 3881 275 3946 ⁵³)
294 3881 342 3936 cfr
367 3879 470 3935 Nauck.
489 3879 627 3948 Aristoph.
652 3879 714 3948 Bya.
738 3895 784 3948 pg.
808 3877 849 3932 22.
884 3876 1025 3945 Meineke',
1048 3875 1116 3930 Hist.
1141 3876 1199 3932 crit.
1218 3893 1262 3946 pg.
1284 3877 1323 3932 14.

186 3975 318 4044 Schmidt
335 3975 396 4032 Did.
416 3977 509 4046 fragm.
528 3992 574 4043 pg.
593 3977 633 4030 ll.

243 4100 276 4164 ⁵⁴)
297 4097 351 4152 Gir.
369 4097 466 4152 Meicri
484 4097 581 4166 Opusc.
599 4097 633 4152 II.
652 4114 696 4166 pg.
715 4098 755 4150 56.
791 4095 1040 4151 Graefenhan.'111.
1062 4095 1117 4148 178.

244 4219 276 4288 ⁵⁵)
294 4217 348 4273 Cir.
365 4219 483 4273 Bceckh.
501 4217 583 4289 praef.
603 4218 631 4271 in
650 4217 732 4272 schol.
745 4217 822 4271 Pind.
835 4233 880 4286 pg.
890 4217 963 4271 XIX.
988 4215 1125 4271 Eckstein.
1138 4216 1166 4269 in
1178 4215 1324 4285 Encyclop.

187 4315 249 4370 Hal.
266 4315 315 4368 ΙΠ.
332 4317 355 4369 9.
374 4331 419 4384 pg.
437 4314 496 4368 424.
514 4314 607 4370 Meier.
627 4329 717 4383 opusc.
735 4314 769 4369 Π.
787 4330 833 4383 pg.
851 4314 892 4368 67.

1124 4417 1141 4467 8
1155 4415 1170 4447 ’lt
