3098 4908
619 235 825 344 *pp—

152 455 248 524 Unde
270 453 417 524 conicere
445 454 537 538 lieet,
567 454 603 520 in
625 453 756 522 scholiis
779 453 823 519 ad
844 452 1095 539 Aristophanem
1117 453 1289 520 nonnullas

151 570 258 637 inesse
280 589 396 636 vocum
419 568 616 635 comicarum
637 567 925 652 interpretationes
948 588 988 633 ex
1018 566 1157 633 Theonis
1184 567 1288 636 lexico

153 681 278 750 comico
301 682 504 768 desumptae,
528 699 725 767 quamquam
747 700 907 764 nusquam
928 679 1016 746 illius
1039 669 1217 748 auctoritas
1233 679 1290 746 ad·

150 795 241 864 iecta
263 799 322 862 est.

218 907 368 975 Alterum
392 906 489 974 lexici
517 905 631 974 comici
658 904 875 990 fragmentum
903 905 975 990 ipso
998 905 1138 972 Theonis
1160 906 1289 973 nomine

151 1021 304 1107 apposito
327 1025 434 1088 exstat
455 1019 544 1104 apud
564 1017 782 1104 Phrynichum
803 1038 857 1102 pg.
881 1022 943 1082 377
967 1017 1016 1084 ed.
1032 1017 1132 1084 Lob.:
1156 1015 1292 1106 Σαπρᾶν

152 1133 188 1201 οἱ
209 1133 324 1200 πολλοὶ
345 1127 416 1200 circi
437 1135 498 1198 τοῦ
518 1125 672 1220 αἰσχράν.
706 1130 814 1197 Θέων
835 1129 934 1218 φησὶν
955 1129 973 1194 ὀ
996 1128 1217 1220 γραμματικὸς
1238 1131 1291 1196 εὐ-

151 1247 281 1337 ρηκέναι
295 1244 387 1336 παρά
399 1240 595 1335 Φερεκράτει
609 1244 727 1334 ληρῶν.
745 1237 874 1310 ἅπαντα
887 1242 960 1332 γὰρ,
976 1237 998 1308 d
1010 1242 1104 1332 φέρει
1117 1237 1289 1333 μαρτύρια,

152 1359 213 1428 ἐπὶ
233 1363 292 1425 τοῦ
313 1359 456 1427 παλαιοῦ
476 1358 531 1425 καὶ
553 1351 733 1446 σεσηπότος
755 1349 888 1446 εὕρηται
908 1355 1047 1438 κείμενα.
1069 1356 1209 1438 Eadem,
1233 1356 1291 1422 sed

151 1476 188 1542 in
202 1473 382 1542 breviorem
398 1473 536 1540 formam
552 1476 722 1538 contracta
735 1470 917 1555 Hesychius
933 1468 1063 1536 exhibet
1073 1489 1099 1536 s.
1111 1491 1139 1535 v.
1152 1461 1290 1556 σαπρᾶν·

152 1583 307 1670 παλαιόν,
340 1581 495 1675 αἰσχρόνν
516 1578 711 1674 dedocere.
755 1583 821 1651 Gir.
843 1583 977 1650 Photius
1008 1604 1033 1648 s.
1056 1605 1104 1665 u,
1135 1583 1289 1664 Zonaras,

156 1701 343 1768 Athenaeus
365 1699 423 1765 III.
450 1703 545 1764 119e.
568 1699 594 1764 Ι.
619 1703 670 1764 31.

220 1812 292 1878 Hae
315 1817 392 1878 sunt
413 1811 509 1878 lexici
533 1810 647 1877 comici
670 1809 809 1877 Theonis
839 1810 1011 1894 reliquiae,
1044 1828 1128 1893 quae
1151 1806 1291 1874 Theonis

157 1925 287 1991 nomine
309 1924 512 2009 subscriptae
535 1927 628 2006 sunt,
656 1923 827 2008 pauciores
849 1923 995 2007 quidem,
1025 1943 1125 2006 quam
1146 1925 1185 1987 nt
1207 1919 1293 1986 suffi-

159 2037 248 2103 ciant
269 2036 312 2103 ad
336 2041 458 2102 certam
481 2036 520 2102 de
540 2036 597 2102 illo
615 2057 712 2120 opere
727 2036 923 2102 sententiam
937 2033 1121 2116 ferendam,
1140 2033 1198 2100 sed
1212 2033 1293 2102 satis

157 2149 313 2234 Hesychii
334 2149 531 2214 sententiam
554 2148 818 2234 comprobantes,
850 2135 1032 2214 condidisse
1062 2147 1226 2232 Thoonem
1247 2147 1293 2213 le-

155 2263 253 2328 xicon
275 2261 442 2328 comicum.
489 2261 641 2328 Ceterum
667 2262 823 2330 nonnulla
846 2266 992 2328 veterum
1013 2260 1202 2328 testimonia
1224 2281 1291 2327 ser-

156 2377 236 2441 vata
266 2379 342 2440 sunt
372 2375 411 2440 de
441 2375 576 2443 diversis
598 2375 713 2442 lexeon
735 2373 996 2456 collectionibus,
1020 2394 1158 2458 quorum
1179 2372 1293 2440 habita

155 2489 284 2554 ratione
312 2488 352 2554 de
380 2487 520 2555 Theonis
543 2509 672 2573 quoque
694 2489 798 2555 lexico
821 2488 944 2554 comico
967 2485 1092 2572 aliquid
1113 2488 1194 2554 certi
1215 2487 1294 2554 licet

157 2605 312 2668 statuere.

221 2713 295 2798 Ipse
313 2712 399 2779 enim
419 2713 599 2798 Hesychius
613 2714 648 2779 in
663 2703 802 2798 epistola
815 2735 876 2799 pro
891 2711 1101 2780 fundamento
1117 2712 1180 2780 sibi
1194 2713 1294 2780 fuisse

157 2825 329 2911 profitetur
357 2827 391 2892 in
419 2825 586 2892 condendo
617 2846 676 2892 suo
703 2825 808 2893 lexico
834 2826 1027 2910 Diogeniani
1049 2847 1163 2894 vocum
1184 2826 1294 2894 home-

156 2941 315 3022 ricarum,
337 2937 552 3022 tragicorum,
576 2938 790 3015 comicarum,
811 2939 988 3022 lyrioarum
1003 2959 1193 3024 earumque,
1211 2960 1293 3025 quae

157 3051 246 3136 apud
275 3053 451 3136 scriptores
478 3049 639 3136 pedestris
662 3051 818 3118 sermonis
841 3058 1029 3134 occurrant,
1053 3053 1292 3134 collectionem,

156 3164 393 3248 Diogenianum
416 3168 525 3231 autem
547 3165 654 3249 ipsum
683 3186 778 3230 usum
804 3186 874 3232 esse
899 3166 1034 3250 Apionis
1066 3171 1100 3232 et
1129 3165 1293 3250 Apollonii

155 3277 279 3344 lexesin
307 3277 492 3358 homericis,
529 3276 668 3343 Theonis
698 3277 892 3362 Didymique
922 3278 1052 3344 comicis
1081 3283 1115 3344 et
1144 3278 1288 3362 tragicis.

158 3391 229 3469 Quo
243 3388 389 3470 efficitur,
404 3369 442 3454 ut
456 3389 610 3474 Hesychii
625 3390 729 3457 lexico
746 3390 974 3456 contineantur
989 3411 1119 3456 neccsse
1135 3390 1178 3456 sit
1192 3389 1294 3456 Theo-

155 3504 209 3569 nis
231 3522 345 3569 vocum
368 3503 565 3568 comicarum
588 3503 883 3587 interpretationes.
920 3503 983 3568 Sed
999 3525 1098 3586 quum
1113 3503 1294 3590 Hesychius

157 3636 193 3682 se
224 3615 413 3700 apposuisse
442 3613 639 3714 profiteatur
670 3621 839 3682 auctorum
867 3615 998 3681 nomina
1034 3637 1055 3680 a
1091 3616 1293 3700 Diogeniano

158 3748 346 3812 suppressa,
373 3728 492 3793 mirum
513 3727 617 3794 uideri
645 3732 772 3812 potest,
803 3728 838 3792 in
866 3727 1021 3812 Hesychii
1049 3727 1167 3810 lexico,
1196 3730 1293 3812 quale

158 3861 245 3906 nunc
271 3839 440 3923 hahemus,
470 3841 578 3907 rarius
609 3846 779 3908 auctorum
808 3841 941 3907 nomina
968 3840 1122 3923 inveniri3
1153 3842 1293 3908 Theonis

159 3954 291 4037 quidem
313 3975 431 4044 nomen
453 3954 552 4020 semel
575 3959 704 4020 tantum
723 3955 968 4021 commemorari
989 3953 1141 4037 vidimus,
1163 3955 1295 4040 Didymi

158 4071 269 4132 autem
298 4068 476 4133 auotoritas
506 4069 635 4152 saepius
666 4067 851 4153 (terdecies)
889 4066 1032 4133 affertur.
1088 4067 1158 4134 Iam
1191 4067 1294 4132 Aldus

159 4180 327 4246 Manutius
356 4181 391 4246 in
422 4179 533 4247 codice
570 4180 713 4265 plurium
749 4180 929 4247 dictionum
964 4186 998 4246 et
1036 4201 1119 4265 quae
1152 4181 1294 4246 rariores

159 4297 237 4362 sunt
273 4294 487 4362 auctoritates
522 4292 736 4378 desideravit,
774 4299 808 4362 et
841 4294 1025 4382 Scaligorus
1061 4294 1295 4382 (Scaligerana
1400 4381 1404 4392 Ι
