3098 4908
723 220 766 294 43

177 444 221 511 ad
245 444 422 529 scriptores
444 441 707 528 interpretandos
729 441 852 527 scripta
874 444 977 508 erant.
1030 441 1129 508 Ollius
1158 442 1207 508 rei
1235 463 1315 527 prae

176 557 325 626 omnibus
348 557 443 623 testis
474 559 524 624 est
545 554 719 640 Didymus,
750 555 842 622 ouius
871 555 905 620 in
936 554 1117 639 colligendo
1146 555 1316 640 diligentia

175 676 302 757 quanta
323 668 438 751 fuerit,
468 670 582 754 ingens
612 669 681 734 eius
709 669 905 753 scriptorum
925 687 1080 734 numerus
1102 667 1313 735 demonstrat.

176 782 395 864 Quamobrem
429 781 593 848 Theonem
627 801 756 866 quoque
794 780 844 846 illi
880 779 1107 848 consuetudini
1140 780 1314 848 indulsisse

177 896 355 964 conieceris
378 902 477 981 atque
499 895 534 960 in
549 893 714 962 Theocriti
736 869 932 960 carminibus
948 892 1148 978 explicandis
1169 894 1314 977 priorum

174 1008 427 1076 commentarios
460 1009 508 1074 ita
542 1006 726 1092 collegisse,
752 1012 800 1076 ut
831 1007 901 1090 ipse
934 1005 1090 1072 nonnulla
1123 1005 1312 1072 addidisset.

173 1122 248 1188 Hoc
263 1126 372 1188 autem
388 1120 527 1187 Theonis
541 1119 758 1205 hypomnema
778 1120 886 1204 ipsum
907 1117 966 1200 illi,
979 1119 1046 1203 ¹qni
1060 1125 1175 1203 postea
1191 1117 1314 1184 scholia

165 1234 312 1320 redegit,
328 1255 388 1319 pro
403 1233 613 1301 fundamento
625 1233 724 1300 fuisse
741 1254 778 1300 eo
791 1231 995 1315 comprobari
1006 1230 1133 1296 videtur
1144 1230 1313 1312 Ahrensio,

173 1347 248 1414 buc.
271 1367 319 1432 gr.
342 1346 384 1412 ΙΙ.
415 1366 467 1430 pg.
496 1344 632 1427 XLVII,
663 1345 751 1430 quod
774 1344 913 1410 Theonis
942 1365 1061 1410 nomen
1091 1364 1252 1427 nusquam
1266 1334 1314 1410 'in

174 1459 309 1526 scholiis
324 1459 519 1540 nominatur,
542 1464 580 1525 ut
599 1458 651 1525 rel
666 1459 831 1542 antiquior
848 1461 1085 1524 commentator
1103 1457 1314 1545 Asclepiades

174 1572 228 1639 vel
249 1572 391 1638 iuniores
413 1571 566 1653 Nicanor,
589 1571 802 1652 Theaetetus,
825 1570 991 1637 Muretus.
1034 1571 1151 1653 ltaque
1174 1570 1313 1638 Theonis

177 1685 447 1752 commentarium
463 1683 660 1768 excerpsisse
676 1683 861 1767 suspicatur
875 1682 1126 1750 Eratosthenem
1140 1681 1314 1752 Scholasti-

178 1818 254 1864 cum
277 1802 310 1864 et
332 1797 399 1864 alia
420 1796 587 1863 addidisse
610 1799 644 1861 et
666 1817 714 1877 aa,
736 1796 772 1860 in
793 1793 912 1879 quibus
933 1796 1132 1862 recentiores
1155 1815 1314 1862 commen·

174 1915 299 1976 tutores
315 1910 467 1990 Nicanor,
485 1910 691 1990 Theaetetus,
707 1909 862 1974 Munatus
873 1908 924 1974 vel
943 1908 1001 1973 alii
1017 1912 1168 1975 auctores
1184 1908 1314 1975 Theone

176 2023 376 2090 recentiores
392 2020 532 2088 adhibiti
547 2027 670 2104 essent,
693 2026 732 2087 ut
753 2020 997 2106 Epaphroditus
1021 2021 1096 2107 [sub
1118 2021 1313 2108 Nerone]⁴⁹)

174 2136 227 2203 vel
258 2134 425 2221 Oppianus
464 2133 539 2219 (sub
567 2135 679 2200 Marco
701 2134 897 2220 Antonino).
954 2132 1063 2217 Ipsam
1097 2133 1314 2218 suspicionem

178 2249 328 2314 Ahrensii
350 2253 478 2331 egomet
500 2249 571 2332 ipse
598 2247 679 2314 mihi
701 2246 948 2328 vindicaverim,
972 2267 1086 2314 causas
1109 2267 1200 2328 vero,
1231 2267 1313 2330 quas

180 2360 223 2426 ad
244 2361 333 2426 illam
356 2360 630 2447 comprobandam
653 2359 763 2443 affert,
794 2381 886 2428 veras
909 2381 978 2426 esse
1001 2365 1034 2426 et
1055 2358 1165 2426 firmas
1186 2379 1310 2440 vereor,

177 2494 220 2538 ne
242 2474 292 2539 illi
315 2475 496 2542 concedam.
542 2473 735 2540 Amaranthi
757 2474 842 2539 enim
863 2487 994 2554 nomen,
1025 2483 1130 2557 quem
1149 2477 1183 2538 et
1204 2472 1311 2557 ipsum

175 2584 434 2692 commentatum
450 2608 519 2654 esse
545 2587 755 2654 Theocritum
775 2585 885 2671 Etym.
909 2586 953 2655 Μ.
976 2607 1002 2651 s.
1024 2607 1053 2651 v.
1077 2578 1310 2674 διεκρανῶσατε

172 2703 328 2781 testatur,
351 2702 386 2766 in
401 2699 534 2768 Theocr.
558 2699 689 2766 scholiis
712 2700 813 2765 etiam
834 2719 900 2764 non
920 2697 1060 2782 habetur
1081 2719 1188 2782 neque
1204 2698 1310 2762 minus

173 2813 381 2898 Neoptolemi
393 2836 519 2896 nomen,
535 2814 621 2881 unde
636 2813 749 2880 eodem
763 2813 844 2894 iure,
861 2832 926 2896 quo
937 2811 1114 2877 Ahrensius
1129 2810 1169 2877 de
1181 2810 1310 2878 Theone

173 2947 253 2992 usus
276 2933 342 3008 est,
367 2927 559 2994 concludere
581 2927 701 3011 possis,
723 2925 854 2992 illorum
878 2924 1145 2990 commentarium
1166 2922 1232 3005 illi,
1255 2923 1312 3007 qui

172 3038 298 3106 scholia
319 3044 435 3124 postea
455 3041 635 3124 redegerit,
658 3061 718 3124 pro
740 3037 951 3104 fundamento
973 3037 1083 3104 finisse.
1119 3036 1227 3115 Quare
1248 3035 1310 3100 hoc

173 3173 277 3218 unum
306 3174 366 3237 pro
397 3152 566 3237 explorato
582 3152 791 3219 statuendum
807 3156 874 3232 est,
891 3150 1055 3218 Thoonem
1068 3149 1103 3215 in
1118 3148 1309 3233 explicando

77 3267 81 3276 '
175 3265 349 3331 Theocrito
372 3286 466 3330 usum
489 3287 559 3332 esse
575 3263 813 3348 antiquioribus
829 3263 1147 3345 commentatoribus,
1170 3263 1310 3330 Theonis

169 3399 250 3443 vero
274 3378 541 3444 commentarium
562 3401 675 3444 rursus
698 3400 719 3443 a
739 3376 974 3444 recentioribus
999 3376 1232 3460 interpretibus
1254 3377 1311 3442 ad·

168 3490 315 3556 hibitum
342 3513 429 3573 esse,
458 3513 597 3575 quorum
625 3491 932 3576 interpretationum
959 3511 1042 3573 qnae
1068 3489 1192 3555 scholia
1221 3489 1310 3556 colli-

168 3604 326 3689 gentibus
352 3626 412 3689 pro
442 3603 651 3671 fundamento
681 3603 817 3686 fuerint,
841 3603 1013 3668 diiudicari
1036 3604 1165 3670 omnino
1187 3605 1309 3687 nequit.

169 3718 316 3785 Theonis
331 3723 441 3784 autem
457 3719 689 3784 auctoritatem
703 3737 864 3801 nusquam
879 3716 1008 3782 scholiis
1024 3717 1207 3800 appositam
1231 3737 1310 3798 esse,

225 4019 260 4089 ⁴⁹)
279 4019 387 4074 Summo
411 4022 478 4076 mihi
501 4027 543 4075 est
565 4021 676 4091 gaudio,
701 4020 916 4075 dissertationem
939 4020 1049 4076 laudare
1072 4018 1106 4074 de
1123 4018 1310 4089 Epaphrodito

166 4117 363 4186 grammatico,
387 4117 465 4187 quam
483 4117 595 4172 Bonnae
613 4116 697 4170 edidit
714 4131 796 4170 mene.
815 4116 864 4170 Iul.
883 4133 906 4171 a
927 4117 994 4169 1866
1012 4117 1057 4170 Dr.
1075 4116 1107 4170 Ε.
1125 4115 1309 4183 Luenznerus,

166 4227 288 4282 quocum
310 4215 404 4282 utpote
431 4213 544 4268 similem
562 4217 695 4268 tractante
723 4211 863 4268 materiam
888 4211 933 4266 din
959 4211 1069 4266 Bonuae
1099 4213 1161 4266 trivi
1189 4217 1310 4266 veterum

164 4307 283 4364 scholia.

1118 4413 1156 4465 6*
