3098 4908
765 255 786 330 5
827 301 832 328 ,

205 493 303 559 quam
326 471 557 540 exhauserunt.
607 475 714 556 Quare
736 475 764 542 si
787 476 904 557 omnia,
927 495 1011 560 quoe
1034 476 1078 543 od
1100 475 1266 544 Theonum
1287 498 1344 545 nc·

204 585 312 652 titiam
333 591 483 671 spectant
504 587 642 672 vestigia
665 588 753 673 apud
771 594 906 668 veteres,
926 589 1049 654 maiore
1065 609 1138 654 cum
1153 589 1344 657 curaindo·

205 690 360 783 genesim,
383 719 449 764 non
471 699 579 766 inutili
602 721 696 785 spero
719 721 770 767 me
794 701 982 767 functurum
1004 721 1074 767 esse
1096 723 1239 768 munere.

272 835 389 902 Suidas
419 842 492 904 octo
522 844 669 906 recenset
699 839 890 925 scriptores,
926 839 1043 924 quibus
1066 839 1177 906 Theon
1206 845 1257 907 est
1285 861 1342 909 no-

206 969 291 1032 men,
313 949 426 1016 hosce:

240 1080 242 1084 ’
272 1093 299 1154 1.
323 1088 445 1170 Θέων,
466 1083 761 1180 Ἀλεξανδρεύς
784 1083 1015 1180 φιλόσοφος
1036 1090 1233 1172 Στωϊκός,
1255 1113 1343 1178 γεγο-

202 1197 265 1279 νώς
293 1199 351 1267 ἐπὶ
372 1196 566 1286 Αὐγούστου
594 1201 678 1286 perd
692 1197 838 1291 Ἄρειον.
860 1201 986 1292 ἔγραψε
1013 1209 1071 1292 τῆς
1089 1200 1343 1295 Ἀπολλοδώρου

204 1314 436 1402 Φοσιολογικῆς
469 1313 645 1404 εἰσαγωγῆς
681 1313 882 1405 ὑπόμνημα,
913 1318 990 1406 περὶ
1020 1321 1139 1398 τεχνῶν
1169 1319 1343 1407 ῥνγιοοικοῖν

203 1425 313 1510 βιβλία
345 1421 385 1512 γ’.
442 1428 565 1494 Eadem
599 1429 666 1494 fere
699 1432 811 1514 paucis
845 1432 980 1497 mutatis
1011 1431 1156 1496 Eudocia
1189 1431 1299 1498 tradit.
1316 1433 1341 1518 2)

204 1540 294 1604 Alias
323 1539 385 1606 hoo
417 1540 457 1606 de
485 1540 613 1607 Theone
642 1543 750 1609 Stoico
782 1564 847 1608 non
881 1548 931 1609 est
959 1565 1063 1608 sermo
1090 1542 1177 1628 apud
1206 1551 1340 1609 veteres.

203 1651 432 1719 Recentiorum
457 1656 652 1738 scriptorum
676 1655 715 1720 de
739 1655 898 1721 Gelderus
920 1656 941 1720 l.
962 1657 984 1721 l.
1008 1655 1049 1721 ab
1072 1657 1129 1721 illo
1152 1678 1217 1722 non
1239 1656 1343 1722 diver-

204 1786 275 1832 sum
297 1765 396 1832 fuisse
420 1767 582 1832 existimat
598 1768 760 1834 Theonem
776 1771 1034 1852 grammaticum,
1058 1769 1147 1834 nullo
1171 1770 1234 1836 alic
1250 1770 1340 1836 nisus
1375 1793 1378 1796 ·

203 1884 407 1962 argumento,
431 1900 527 1963 quam
545 1879 632 1964 quod
647 1882 816 1964 utriusque
840 1884 988 1947 convenit
1009 1887 1110 1948 aetas.
1149 1883 1249 1948 Recte
1265 1904 1341 1947 vero

203 1982 373 2056 Fabricius
384 1991 410 2068 ³)
433 1996 608 2076 utrumque
632 2014 731 2057 unum
756 1993 797 2058 ab
813 1993 916 2060 altero
927 1993 1114 2077 distinguit,
1139 2015 1214 2059 nam
1231 1993 1340 2059 Theon

206 2104 333 2170 Stoicus
357 2125 376 2168 a
392 2105 603 2188 grammatico
627 2106 653 2169 si
672 2127 736 2170 non
756 2111 841 2171 esset
856 2106 1011 2186 diversus,
1036 2108 1105 2172 sine
1121 2105 1219 2172 dubio
1236 2127 1341 2189 gram-

206 2217 354 2298 maticus,
367 2237 470 2300 neque
482 2237 557 2283 vero
570 2216 781 2303 philosophus
793 2239 813 2284 a
826 2218 926 2284 Suida
938 2217 1121 2302 appellatus
1136 2222 1230 2298 esset,
1249 2238 1342 2301 prae·

204 2330 316 2394 sertim
346 2349 447 2414 quum
476 2329 531 2394 ille
564 2352 588 2395 s.
620 2352 648 2394 v.
669 2325 800 2396 Ἀπίων
829 2332 1026 2395 mentionem
1059 2331 1173 2396 fecerit
1203 2328 1340 2396 Theonis

206 2441 417 2524 grammatici.
432 2441 717 2527 .Quinotilianus⁴)
741 2441 903 2508 Thoonem
928 2441 1089 2526 quendam
1113 2447 1254 2525 quatuor
1276 2448 1342 2506 sta-

205 2558 259 2620 tus
281 2555 316 2620 in
338 2560 409 2619 arte
431 2553 594 2620 rhetorica
616 2554 730 2620 fecisse
753 2554 871 2635 tradit,
896 2576 948 2634 ‚an
971 2555 1031 2635 sit,
1055 2552 1134 2636 quid
1158 2553 1214 2636 sit,
1245 2555 1341 2638 quale

205 2669 257 2749 sit,
282 2671 441 2750 quantum
464 2667 527 2748 sit,
552 2689 647 2750 quem
663 2668 826 2733 Theonem
849 2689 922 2732 eum
946 2687 1025 2746 esse,
1049 2686 1144 2749 quem
1162 2665 1277 2731 Suidas
1300 2665 1340 2731 de

206 2785 276 2846 arte
299 2779 462 2845 rhetorica
484 2778 585 2846 libros
608 2784 676 2846 tres
699 2781 866 2864 scripsisse
890 2779 1073 2861 contendit,
1096 2800 1161 2844 non
1184 2779 1253 2844 sine
1274 2777 1341 2844 veri

205 2893 311 2977 speeie
327 2891 595 2958 Westermannus
606 2893 632 2978 5)
649 2892 777 2957 conicit.
818 2891 1025 2976 Spaldingius
1039 2913 1115 2956 vero
1133 2889 1342 2970 Quinctiliani

203 3003 309 3078 locum
334 3009 481 3090 spectare
504 3011 599 3091 putat
622 3004 784 3071 Theonem
811 3004 1179 3089 progymnasmaticum‚
1211 3001 1250 3068 de
1277 3022 1341 3086 quo

205 3118 290 3182 iufra
312 3139 336 3182 s.
358 3137 427 3184 nro.
445 3123 473 3182 5.
498 3116 744 3204 disputabimus.
784 3117 853 3196 Quo
877 3117 1063 3182 testimonio
1088 3113 1226 3182 confisus
1243 3114 1341 3180 Grae·

205 3229 374 3296 fenhanius
390 3232 416 3316 6)
455 3230 616 3296 Theonem
656 3230 799 3296 Stoicum
836 3230 1049 3314 appellaverit
1076 3229 1153 3293 Arei
1191 3228 1340 3306 amicum,

207 3343 355 3426 equidem
377 3365 442 3409 non
464 3345 624 3429 percipi03
659 3365 735 3409 nam
763 3364 802 3408 ex
826 3342 944 3408 Suidae
973 3341 1079 3406 verbis
1101 3337 1236 3424 γεγονώς
1257 3337 1340 3420 μετά

200 3447 336 3544 ’Ἀρειον
358 3456 439 3522 nihil
462 3455 552 3522 eliud
575 3439 832 3542 cognoscendum
852 3459 911 3536 est,
935 3475 1033 3538 quam
1056 3452 1142 3538 quod
1158 3451 1269 3518 Theon
1292 3473 1340 3516 re·
1388 3515 1390 3520 ,

207 3687 406 3699 w

256 3837 276 3904 1)
296 3836 351 3892 Ofr.
370 3836 517 3893 Violarium
540 3834 1208 3902 inVilloisoniAnecdd.Gr.Venetiis,1781.1
1235 3851 1262 3904 p.
1280 3834 1339 3901 229,

205 3929 432 3987 23l.-Eosdem
452 3947 518 4002 quos
531 3930 626 3986 suidas
637 3931 763 3987 Theones
780 3931 875 3985 iisdem
893 3931 949 3985 fere
967 3929 1056 3984 verbis
1076 3934 1199 3984 recenset
1208 3930 1338 3986 Eudocio.

255 4027 276 4096 ³)
295 4026 347 4081 Ofr.
366 4027 535 4081 Bibliotheca
552 4041 657 4096 graeca,
675 4027 724 4081 III.
743 4029 806 4104 577.Ι
820 4026 866 4080 VI.
886 4027 927 4080 98.

256 4123 277 4186 ⁴)
296 4121 351 4176 Otr.
370 4122 508 4177 Institutio
526 4121 651 4190 oratorio,
668 4121 715 4177 lib.
733 4123 780 4176 ΙΠ.
800 4137 821 4176 c.
840 4123 864 4189 6,
882 4123 924 4175 48.

257 4217 278 4282 5)
299 4215 353 4272 Cir.
372 4217 507 4288 (ltelttpiohte
526 4216 785 4286 persecutussed
805 4235 831 4288 p.
850 4219 910 4271 198.
1016 4221 1019 4226 ‘

257 4309 277 4379 Β)
295 4309 350 4368 cfr.
370 4311 504 4383 (tetaldus
522 4311 565 4369 het
582 4311 716 4382 tlolltlttcc
734 4311 886 4384 Ttlletegte,
904 4313 952 4368 III.
971 4330 998 4383 p.
1019 4311 1077 4367 136.
