3098 4908
793 259 836 334 68

245 480 510 564 grammaticum,
539 479 631 544 cuius
654 479 689 543 in
711 479 902 560 Homerum,
926 477 1151 559 Theocritum,
1174 477 1388 560 Nicandrum,

247 589 497 672 Callimachum,
520 590 782 675 Lycophronem,
805 591 1015 674 Apollonium
1039 589 1203 682 Rhoslium
1226 609 1390 656 commen-
1486 657 1491 718 L

240 704 348 768 ⁴turios
374 707 475 784 elque
507 701 636 768 lexicon
663 703 822 768 comicum
852 702 976 785 partim
996 701 1141 802 suolonis
1154 701 1292 767 nemine
1312 701 1388 785 ipso
1487 722 1490 795 ζ

243 813 374 894 addito,
404 814 526 897 partim
557 814 763 897 meximeque
793 835 833 878 ex
859 819 955 897 perte
984 814 1033 878 ite
1055 811 1187 878 scholiis
1209 811 1389 895 lemeisque
1487 808 1489 837 ³

246 925 432 990 etiamnunc
455 925 593 990 servulis
616 924 946 1009 comprehenduntur,
969 931 1016 1005 ut,
1039 923 1093 990 oui
1109 922 1305 990 vindicanda
1320 921 1390 989 sint
1488 892 1491 969 i

245 1037 383 1120 singula,
407 1037 462 1100 vix
484 1036 666 1120 disquirere
688 1037 803 1120 possis,
826 1057 901 1102 vere
923 1035 1058 1119 dignum
1073 1055 1153 1116 esse,
1177 1035 1234 1118 qui
1256 1055 1297 1100 ex
1319 1033 1389 1100 situ
1492 1079 1497 1096 .

248 1152 282 1213 et
302 1147 447 1214 tenebris
470 1149 646 1213 suscitetur
668 1147 874 1232 quadamque
900 1149 935 1212 in
956 1148 1028 1213 luce
1050 1147 1236 1213 collocetur.

312 1259 407 1337 Quod
428 1261 598 1344 negotium
619 1279 657 1325 eo
679 1257 845 1356 lubentius
868 1259 1007 1342 suscepi,
1030 1280 1094 1342 quo
1109 1259 1214 1341 magis
1234 1257 1390 1341 colligen-
1490 1290 1494 1323 ι

246 1369 296 1436 dis
323 1370 568 1454 deperdilorum
595 1376 743 1436 veterum
769 1372 966 1455 scriptorum
997 1371 1215 1437 monumentis
1242 1390 1304 1453 pur
1335 1375 1390 1436 esi
1489 1397 1494 1456 ⁴.

244 1482 401 1548 adiuvere
430 1482 505 1547 illos
533 1482 637 1564 viros,
668 1483 725 1566 qui
751 1483 856 1547 mults
883 1482 1033 1549 doctrine
1062 1488 1224 1565 acutoque
1255 1481 1390 1564 ingenio
1490 1478 1493 1540 ἶ

245 1593 388 1677 praediti
415 1592 588 1658 difficilem.
608 1598 642 1658 el
667 1594 932 1660 molestissimum
958 1615 1030 1660 earn
1056 1593 1258 1678 provinciam
1285 1593 1392 1658 susci·

244 1725 323 1788 pere
346 1707 504 1789 cogitant,
539 1709 577 1770 ul
598 1704 770 1770 historiam
799 1704 1007 1770 conscribent
1032 1705 1176 1771 omnium
1197 1704 1392 1788 grammari-

247 1837 360 1882 corum
388 1816 453 1882 huc
480 1837 583 1899 usque
612 1815 738 1883 frustra
770 1817 971 1900 requisitum.
1016 1817 1134 1898 Itaque
1164 1837 1289 1882 summo
1323 1817 1392 1883 erio

246 1927 327 1992 mihi
349 1928 485 2012 gaudio,
509 1929 537 1993 si
558 1928 617 2008 illi,
640 1899 739 2012 quein
761 1929 832 2012 ipse
854 1929 978 1994 Theoni
1001 1928 1216 2013 grammatico
1238 1927 1392 1994 iuvenili·

246 2037 308 2104 bus
330 2039 452 2104 viribus
476 2043 635 2123 quonium
662 2038 735 2104 fieri
756 2041 865 2123 poluit
887 2040 1051 2123 impertiri
1074 2061 1203 2121 curem,
1225 2059 1300 2104 eum
1321 2059 1392 2106 uon
1493 2024 1501 2096 ’.
1531 2069 1532 2100 ;

246 2151 315 2216 sine
338 2151 426 2216 felici
448 2170 599 2216 successu
619 2171 672 2215 me
695 2151 930 2234 consumpsisse
952 2150 1177 2216 iudicaverint.
