3098 4908
697 235 718 310 9

139 457 285 535 exstant,
317 475 398 538 quos
421 459 531 520 tamen
553 475 665 522 versus
686 455 864 523 Alexandri
885 453 1019 539 Ephesii
1045 473 1113 521 esse
1135 453 1277 520 Naekius

137 573 171 632 et
186 565 417 654 Meinekius14)
440 568 598 652 suspicati
622 573 707 634 sunt.
751 569 926 634 Praeterea
940 567 1146 652 Empedoclis
1167 586 1279 633 versus

138 700 224 744 unus
248 677 413 746 aTheone
435 678 570 746 affertur
593 682 736 748 auctoris
757 683 892 774 nomine¹
909 682 1037 748 omisso.
1075 679 1220 759 Quacum
1242 701 1278 746 re

138 793 167 857 si
183 794 423 876 comparaveris
438 792 546 859 locum
560 794 728 864 Plutarchi
744 793 799 882 (de
814 794 897 860 Mac.
913 795 947 860 in
965 792 987 858 f.
999 794 1037 859 L.
1053 797 1101 858 19.
1117 813 1171 878 pg.
1188 793 1277 877 931),

141 925 207 988 quo
229 905 350 970 Lucius
373 905 524 990 quidam,
555 912 729 991 postquam
751 907 792 973 de
822 906 899 972 solis
929 921 1048 972 occasu
1080 922 1120 971 ac
1149 903 1279 971 deiectu

13 1095 14 1118 ἶ
138 1017 271 1101 eiusque
300 1017 536 1085 mutationibus
564 1018 767 1104 disputatum
798 1026 862 1102 est,
897 1018 1071 1085 aTheone
1099 1019 1200 1102 petit,
1229 1023 1276 1099 ut,

13 1145 14 1176 1
138 1130 258 1214 quippe
288 1131 344 1214 qui
372 1131 504 1216 longum
533 1134 566 1198 in
594 1132 739 1216 legendis
760 1137 907 1198 veterum
929 1130 1125 1196 carminibus
1148 1135 1277 1214 tempus

139 1245 402 1328 consumpsisset,
425 1245 628 1311 auditoribus
643 1249 787 1311 veterum
803 1249 973 1329 poetarum
988 1244 1076 1310 locos
1092 1247 1277 1328 exponeret,

139 1357 196 1440 qui
218 1354 354 1423 eandem
376 1361 558 1425 tractarent
579 1379 658 1440 rem,
681 1358 776 1424 facile
799 1357 912 1423 licebit
934 1357 1090 1438 conicere,
1114 1356 1278 1423 Thoonem

15 1495 18 1539 ;
138 1490 159 1534 a
180 1469 358 1536 Plutarcho
382 1477 669 1538 commemoratum
691 1476 724 1537 et
746 1470 967 1555 grammaticis
997 1474 1030 1536 et
1052 1469 1277 1537 astronomicis

138 1601 270 1648 vacasse
301 1583 418 1648 studiis
448 1605 585 1670 eumque
615 1605 680 1650 non
714 1582 812 1649 fuisse
846 1583 1009 1649 diversum
1039 1604 1059 1648 a
1090 1581 1276 1667 Smyrnaeo.

139 1695 301 1761 Martinus
323 1717 377 1780 pg.
403 1701 443 1762 68
475 1697 606 1782 quidem
635 1697 709 1762 illas
738 1699 909 1781 poetarum
937 1696 1092 1779 reliquias
1115 1716 1180 1760 non
1202 1715 1276 1761 con-

18 1804 20 1885 }
140 1807 333 1873 temnendae
356 1809 492 1874 haustas
515 1831 584 1876 esse
607 1814 704 1894 putat
726 1831 746 1875 a
769 1809 899 1875 Theone
922 1830 961 1874 ex
976 1807 1119 1889 Adrasti,
1142 1807 1275 1892 Dercyl-

20 1941 21 1944 ’
138 1918 230 2000 lidis,
261 1921 442 2005 Hipparchi
471 1921 641 2007 operibns,
677 1921 794 2006 quibus
824 1923 859 1986 in
889 1920 1057 1986 scribendo
1087 1918 1276 2003 compendio

21 2072 22 2078 κ
139 2034 356 2099 astronomica
379 2033 490 2100 Theon
518 2056 597 2100 usus
627 2039 712 2100 esset
741 2033 938 2100 auctoribus.
991 2033 1054 2099 Sed
1082 2032 1144 2098 hac
1171 2032 1211 2097 de
1240 2052 1276 2098 re

139 2152 275 2229 propter
305 2152 571 2231 argumentorum
604 2145 765 2213 deiectum
788 2147 868 2212 nihil
904 2146 986 2212 certi
1021 2147 1122 2212 statui
1158 2149 1275 2230 potest.

137 2255 227 2336 Idem
257 2258 418 2326 Martinus
440 2265 537 2344 pg.6
571 2261 778 2327 Theonema
807 2259 981 2326 Plutarcho
1022 2259 1224 2325 nominatum
1255 2278 1276 2323 a

20 2355 22 2436 1
141 2370 316 2454 Smyrnaeo
353 2372 516 2439 diversum
546 2395 614 2440 esse
646 2373 708 2439 sibi
741 2373 904 2458 persuasit
938 2370 982 2437 ad
1015 2371 1275 2454 sententiamque

21 2564 22 2574 ἵ
139 2482 222 2548 hanc
238 2483 501 2566 confirmandam,
525 2508 608 2570 quae
624 2486 807 2570 disputaret
822 2485 934 2550 Theon
948 2483 1037 2567 apud
1051 2482 1275 2564 Plutarchum,

139 2597 385 2676 grammaticum
411 2600 515 2682 magis
543 2601 647 2665 uirum
675 2601 722 2665 ait
751 2598 865 2664 decere
887 2599 1059 2682 po'et'arum
1082 2597 1274 2677 studiosum,

21 2709 22 2716 '
141 2728 239 2791 quam
260 2710 366 2775 virum
392 2711 427 2776 in
456 2713 655 2779 astronomia
684 2717 887 2797 occupatum.
937 2709 1088 2794 Neglexit
1117 2731 1192 2775 vero
1219 2708 1275 2773 ille

21 2825 22 2830 ’
139 2819 248 2885 locum
269 2820 437 2888 Plutarchi
458 2823 499 2889 de
521 2843 603 2889 mac.
626 2825 660 2888 in
682 2823 704 2888 f.
727 2824 764 2888 L.
789 2827 840 2888 20.
863 2821 1052 2922 1181521),
1076 2841 1140 2905 quo
1162 2820 1274 2886 dicens

141 2932 251 3000 Theon
272 2933 437 3001 inducitur
459 2936 499 3002 de
523 2937 639 3019 causis,
662 2957 745 3021 quae
768 2937 845 3002 solis
868 2942 901 3001 et
922 2934 1019 3001 lunae
1041 2933 1188 3000 defectus
1210 2932 1275 2999 effi·

140 3047 248 3129 ciunt,
279 3047 366 3113 unde
388 3048 550 3115 Theonem
580 3050 799 3116 astronomiae
821 3069 953 3115 vacasse
975 3068 1106 3114 necesse
1129 3051 1179 3112 est
1201 3066 1275 3112 con·

21 3219 22 3230 .
138 3159 314 3227 cludamus.

203 3275 251 3340 De
280 3273 420 3343 Theonis
452 3279 516 3346 Sm.
553 3277 654 3368 ipsius
683 3276 811 3342 locutus
841 3274 990 3341 doctrina
1021 3293 1060 3339 ac
1089 3271 1273 3339 conditione

137 3406 224 3452 nunc
244 3402 351 3470 pauca
373 3387 478 3456 dicam
500 3390 540 3456 de
562 3390 709 3475 scriptis,
744 3409 828 3472 quae
856 3387 905 3453 illi
927 3385 1148 3466 vindicantur,
1179 3405 1274 3469 prae-

137 3500 250 3565 sertim
272 3521 371 3584 quum
394 3502 520 3568 axillis
542 3523 674 3569 causam
696 3507 807 3587 petere
829 3500 909 3566 mihi
931 3499 1058 3581 videar,
1083 3519 1140 3563 cur
1163 3496 1274 3562 Theon

139 3611 203 3679 Sm.
226 3612 323 3680 modo
346 3616 578 3700 grammaticus
607 3615 702 3682 modo
732 3612 943 3700 philosophus
972 3612 1038 3678 sive
1066 3615 1272 3678 astronomus

24 3810 27 3819 Ι
137 3725 330 3793 nominetur.
384 3727 524 3813 Scripsit
552 3727 653 3812 igitur
681 3727 792 3794 Theon
824 3725 888 3792 Sm.
920 3747 1016 3811 opus,
1050 3723 1138 3809 quod
1166 3727 1273 3789 totum

136 3836 339 3924 inscripsisse
356 3840 486 3907 videtur
501 3845 616 3908 auctor
634 3837 684 3905 Tri
705 3836 787 3904 nord
808 3835 1039 3926 μαθηματικῆν
1059 3830 1203 3926 χρήσιμα
1224 3832 1274 3911 εἷς
1370 3861 1374 3868 ·

139 4060 340 4076 Μ

192 4199 223 4268 ¹⁶)
243 4199 295 4256 Cir.
319 4201 429 4270 Naekii,
454 4202 550 4273 Opusc.
575 4201 640 4272 phil.
665 4203 684 4257 Ι.
707 4221 733 4273 p.
754 4201 794 4257 13.
822 4234 855 4242 -
883 4200 1026 4267 Meinehii,
1051 4200 1130 4254 Anal.
1149 4200 1227 4255 Alex.
1246 4218 1271 4270 p.

135 4295 280 4352 ale-um.
