3098 4908
785 241 826 314 28

240 466 322 552 puto
345 462 415 530 erui
435 482 540 550 posse.
552 463 592 551 88)
637 461 688 530 Ex
708 462 764 546 iis,
787 482 870 554 quae
892 459 991 548 paulo
1013 458 1145 528 uberius
1174 457 1215 530 ds
1237 457 1377 544 Didymo

240 580 340 662 atque
362 575 487 662 Apione
509 575 684 662 disputavi,
707 573 944 662 quodammodo
960 573 1063 642 conici
1077 575 1201 658 potest,
1216 591 1280 656 quo
1295 575 1378 638 tem-

241 708 320 774 pore
337 693 371 756 et
384 709 449 773 quo
464 687 535 770 loco
553 687 664 756 Theon
678 688 826 756 floruerit
841 687 1081 772 grammaticus.
1120 683 1377 768 contemnitur,

240 800 403 868 Thoonem
425 798 557 886 Didymi
590 801 658 868 iere
688 799 858 886 aequalem
890 819 1002 866 museo
1031 797 1250 865 Alexandrino
1282 817 1378 884 prac-

241 911 340 986 fuisse
363 913 495 998 eiusque
517 913 731 1000 principalem
753 911 890 980 docendi
916 912 1079 980 actionem
1100 911 1135 978 in
1156 910 1297 994 Augusti
1317 909 1378 976 im·

240 1027 367 1111 perium
389 1025 550 1094 incidisse.
588 1025 661 1094 Duo
683 1025 750 1092 alia
769 1030 899 1092 exstant
920 1023 1051 1106 indicia,
1074 1043 1158 1109 quae
1180 1023 1378 1092 sententiam

240 1158 347 1206 meam
368 1137 408 1206 de
431 1137 571 1206 Theonis
601 1143 710 1208 aetate
739 1157 779 1206 uc
802 1136 986 1205 conditione
1008 1133 1218 1221 comprobare
1239 1135 1376 1220 possint.

242 1251 390 1318 Alterum
412 1251 447 1316 in
476 1250 608 1318 scholiis
629 1249 743 1318 Venet.
773 1250 817 1317 ad
838 1249 930 1317 Iliad.
959 1271 988 1318 v.
1012 1253 1085 1316 234.
1108 1248 1286 1330 invenitur,
1319 1245 1378 1316 ubi

244 1363 437 1449 Apollonius
466 1363 606 1431 Theonis
635 1362 731 1446 filins,
750 1384 810 1448 pro
842 1357 1060 1452 ἀνηρείψαντο
1088 1361 1205 1446 legisse
1233 1359 1378 1428 traditur

243 1467 284 1540 lv
306 1469 493 1564 ἦρείψωτο.
530 1476 594 1542 Tot
615 1496 692 1544 vero
712 1475 774 1542 uiri
797 1479 1098 1557 commemorantur,
1121 1472 1239 1558 quibus
1259 1495 1377 1542 nomen

242 1593 292 1654 est
320 1587 532 1674 Apollonius,
562 1594 600 1656 ut
630 1589 703 1672 quis
730 1589 817 1656 inter
845 1589 966 1656 multos
993 1587 1132 1656 Theonis
1160 1587 1261 1656 fuerit
1288 1585 1376 1657 filius

241 1699 388 1768 iudicatu
411 1699 539 1767 difficile
562 1701 621 1783 sit,
644 1706 845 1788 quapropter
867 1701 1065 1777 coniectura
1074 1700 1264 1799 memoriam
1286 1699 1378 1768 adiu·

241 1834 320 1883 vare
347 1813 454 1881 coacti
483 1833 603 1880 sumus.
655 1814 694 1880 In
722 1813 853 1880 scholiis
880 1813 1056 1881 Marcianis
1077 1812 1259 1880 Homericis
1288 1812 1379 1898 apud

243 1925 475 2007 Villoisonum,
497 1925 642 1992 Anecdd.
666 1925 722 1992 Gr.
744 1926 786 1994 11.
809 1947 862 2013 pg.
889 1930 960 2010 184,
981 1930 1049 1993 not.
1073 1929 1103 1990 2.
1125 1930 1257 2011 praeter
1270 1924 1378 2010 otpol-

241 2037 365 2105 lonium
394 2037 533 2104 Theonis
566 2037 669 2106 filium
702 2039 774 2106 hice
804 2043 1015 2106 recensentur
1050 2037 1195 2106 eiusdem
1223 2038 1376 2106 nominis:

242 2153 303 2236 Ap.
327 2149 345 2216 ὀ
367 2154 427 2216 τοῦ
447 2149 626 2242 Kalpiton,
648 2152 710 2237 Ap.
733 2150 895 2236 Rhodius,
918 2151 978 2238 Ap.
1002 2150 1171 2237 Dyscolus,
1194 2151 1255 2236 Ap.
1280 2149 1379 2217 ὁτοῦ

242 2257 411 2342 Μόλωνος,
435 2265 495 2349 Ap.
513 2263 531 2329 ὁ
547 2259 739 2342 διδάσκαλος
753 2267 851 2352 ἡμῶν,
875 2266 936 2350 Ap.
960 2262 1051 2332 ducii
1061 2258 1238 2353 Ἀρχιβίου
1245 2286 1256 2346 ,·
1278 2264 1379 2350 Apule

242 2377 323 2444 lonii
344 2397 421 2444 vero
445 2382 659 2463 cognomento
681 2378 848 2444 Anterotis
869 2377 960 2444 nulla
973 2368 1020 2445 dit
1041 2379 1180 2460 mentio;
1209 2397 1305 2463 quem
1327 2382 1379 2444 ta·

241 2509 317 2557 men
339 2488 477 2558 eundem
500 2510 571 2558 esse
591 2494 690 2576 atque
706 2489 845 2560 Theonis
866 2489 980 2574 filium,
1002 2511 1067 2558 non
1090 2491 1159 2558 sine
1181 2491 1248 2558 veri
1270 2491 1379 2576 specie

243 2602 419 2670 coniecisse
441 2601 571 2671 videtur
594 2601 852 2672 Greeienhanius
871 2603 930 2668 ΙΙΙ.
955 2607 1005 2669 61.
1058 2603 1175 2672 Suidas
1201 2623 1227 2686 s
1248 2625 1278 2670 v.
1300 2597 1379 2668 'Au-

242 2713 359 2804 τέρὼς,
382 2715 573 2784 Anterotem
595 2715 796 2802 eundemque
817 2717 1019 2784 nominatum
1040 2715 1250 2802 Apollonium
1271 2736 1380 2801 gram-
1403 2729 1406 2738 “

242 2828 397 2896 maticum
417 2827 673 2896 Alexandrinum
687 2828 813 2915 Apione
835 2850 930 2895 usum
953 2849 1023 2896 esse
1044 2832 1186 2898 testatur
1208 2829 1378 2912 magistro,

242 2941 476 3026 aequalemque
498 2940 665 3008 Heraclidi
687 2941 822 3009 Pontico
841 2943 964 3010 Romae
987 2941 1135 3009 docuisse
1158 2940 1217 3008 snb
1241 2941 1379 3012 claudio

243 3053 442 3140 imperatore
464 3051 628 3138 librosque
644 3054 860 3141 composuisse
876 3054 916 3122 de
931 3055 1144 3140 grammatica
1158 3053 1248 3122 duos.
1272 3055 1380 3136 Quum

242 3187 359 3234 nomen
381 3167 522 3234 Anteros
544 3187 704 3250 nusquam
727 3173 894 3250 occurrat,
927 3167 1055 3253 opinari
1075 3165 1186 3238 forsan
1207 3168 1378 3254 possimus,

242 3300 358 3346 nomen
381 3279 550 3366 proprium
572 3267 740 3348 Anterotis
761 3279 862 3348 fuisse
885 3280 1094 3366 Apollonium
1116 3301 1255 3388 eumque
1275 3282 1380 3350 Theo-

239 3393 292 3459 nis
314 3391 417 3458 filium
439 3397 534 3480 patre
555 3398 684 3464 mortno
707 3393 832 3480 Apione
853 3393 959 3479 patris
987 3394 1022 3460 in
1052 3393 1164 3462 schola
1192 3414 1380 3465 successore

241 3525 338 3572 usum
360 3525 431 3574 esse
452 3466 609 3590 magisho
631 3511 731 3594 atque
752 3506 843 3572 velut
863 3506 1038 3592 Apionem‚
1067 3527 1180 3592 quem,
1207 3504 1322 3593 utpotse
1343 3508 1380 3576 in

240 3619 378 3686 Homeri
409 3617 607 3688 carminibus
636 3618 841 3704 potissimum
871 3619 1072 3706 explicandis
1101 3625 1310 3706 occupatum,
1344 3621 1381 3691 in

240 3753 358 3800 nomen
372 3731 510 3800 Homeri
532 3731 573 3802 ab
589 3731 738 3804 omnibus
752 3732 945 3820 adoptatum
967 3753 1038 3804 esse
1059 3732 1256 3817 civitatibus,
1280 3737 1377 3806 testis

242 3851 293 3916 est
309 3845 442 3930 Seneca,
466 3846 561 3933 epist·
579 3851 641 3929 88„
665 3867 798 3932 operam
812 3867 948 3918 navasse
963 3847 1106 3916 Homero
1120 3847 1377 3934 interpretando¹

242 3959 305 4025 nisi
326 3958 420 4042 forte,
440 3978 524 4043 quae
544 3959 612 4026 eius
628 3958 662 4061 in
677 3958 807 4027 scholiis
822 3960 935 4028 Venet.
952 3959 1141 4044 afferuntur,
1163 3960 1284 4028 hausta
1301 3967 1379 4028 sunt

291 4327 327 4393 ³³)
346 4324 398 4380 Otr.
420 4323 528 4382 Lehrsii
547 4324 582 4382 de
600 4324 706 4397 Apione
724 4324 870 4382 Comment.
888 4324 917 4381 in
936 4323 1044 4393 Quaeso.
1063 4324 1129 4396 cpio.
1147 4342 1173 4397 p.
1193 4327 1287 4384 1-34.
