3098 4908
741 263 782 340 95

193 501 293 570 quum
315 481 504 552 defunctum
526 485 618 552 illum
641 505 710 555 osse
732 503 817 556 anno
833 489 874 552 43
893 492 1028 571 constet,
1050 488 1113 555 hoc
1135 485 1245 557 forsan
1267 492 1328 558 tri·

191 597 355 666 buendum
377 603 459 685 puto
481 597 656 667 memoriae
678 600 767 668 vitio.
805 599 1018 686 Nequaquam
1041 620 1116 669 vero
1132 601 1327 688 persuadere

190 711 270 794 milri
291 731 439 797 possum,
470 712 619 794 Suidam‚
650 714 678 779 si
701 711 757 779 illo
787 731 872 780 anuo
900 719 998 780 natus
1021 713 1136 782 fuisset
1157 715 1325 802 Didymus,

191 825 299 892 verbis
321 823 380 892 ἐπὶ
401 827 583 915 Κικέρωνος
612 844 706 893 usum
734 848 813 894 esse.
864 827 937 894 Huc
965 827 1091 894 accedit
1120 851 1220 896 causa
1247 824 1328 895 mihi

192 938 401 1023 gravissima,
431 937 521 1024 quod
550 939 594 1005 ad
622 939 749 1007 natales
770 939 902 1026 Didymi
931 941 1029 1007 certis
1051 935 1171 1008 finibus
1192 943 1328 1010 circum·

191 1049 382 1120 scribendos
405 1051 487 1118 duos
510 1052 676 1137 coniungit
703 1053 790 1120 viros
810 1055 997 1139 praeclaros
1020 1052 1207 1121 Ciceronem
1228 1060 1328 1140 atque

192 1168 392 1250 Antonium,
427 1169 627 1252 quapropter
659 1165 748 1232 haud
777 1168 844 1234 scio
877 1189 920 1233 an
952 1168 1099 1252 proxime
1133 1189 1154 1234 a
1181 1189 1256 1235 vero
1284 1170 1328 1235 sit

192 1279 359 1364 aditurus,
387 1282 443 1366 qui
465 1280 640 1367 Didymum
661 1285 775 1346 natum
798 1299 868 1346 esse
892 1282 1046 1348 statuerit
1068 1303 1153 1348 anno
1177 1285 1232 1363 63,
1263 1301 1327 1366 quo

193 1413 278 1460 anno
316 1395 428 1463 Cicero
459 1400 493 1462 et
521 1395 682 1462 Antonius
719 1393 921 1461 consulatum
951 1392 1156 1475 obtinebant,
1190 1414 1328 1478 eumque

190 1509 293 1574 vitam
307 1507 498 1594 produxisse
512 1525 616 1592 usque
638 1506 680 1574 ad
694 1505 834 1591 Augusti
852 1511 1001 1591 tempora
1023 1504 1098 1593 (ἕως
1112 1503 1328 1594 Αὐγούστου),

190 1619 225 1685 id
249 1619 336 1704 quod
357 1639 424 1688 non
445 1621 493 1686 ita
515 1624 566 1686 est
586 1619 849 1704 intelligendum,
872 1623 910 1685 ut
932 1617 1120 1686 defunctum
1142 1619 1235 1686 illum
1257 1641 1327 1686 esse

190 1738 344 1818 putemus
366 1733 507 1818 Augusti
527 1733 656 1818 imperii
677 1732 787 1814 initio,
816 1731 874 1799 sed
894 1732 983 1798 illius
1006 1733 1105 1799 etiam
1126 1732 1328 1818 temporibus

191 1845 349 1913 floruisse.
389 1843 524 1926 Quando
540 1865 616 1912 vero
631 1843 715 1912 diem
739 1864 926 1931 supremum
947 1843 1075 1927 obierit,
1098 1865 1164 1913 non
1186 1851 1326 1926 constan

192 1959 278 2024 inter
299 1960 472 2044 longaevos
488 1966 598 2026 autem
612 1958 787 2044 Didymum
804 1979 873 2026 esse
892 1957 1106 2041 referendum,
1129 1979 1327 2043 quamquam

193 2087 259 2135 non
281 2076 332 2137 est
353 2089 457 2139 sermo
488 2071 528 2138 de
554 2071 611 2138 illc
640 2072 728 2157 apud
749 2069 945 2158 Phlegouem
968 2076 1002 2137 et
1023 2067 1202 2137 Lucienum
1225 2071 1328 2138 Hera·

192 2183 326 2266 elidem,
357 2205 394 2251 eo
417 2183 644 2267 confirmatur,
674 2184 762 2269 quod
791 2190 842 2251 tot
864 2183 1082 2269 composuisse
1103 2182 1204 2249 libros
1226 2183 1328 2250 tradi·

191 2303 255 2364 tur.
304 2297 417 2382 Neque
446 2297 497 2364 his
526 2299 682 2384 temporis
715 2296 1012 2384 computationibus
1045 2296 1174 2382 reliqua
1206 2293 1328 2364 indicia

192 2429 258 2476 non
279 2408 485 2495 respondent.

256 2519 462 2589 Heraclidem
485 2525 570 2602 enim
592 2523 761 2591 Ponticum
771 2525 828 2612 ³4),
860 2545 955 2608 quem
978 2521 1118 2608 Didymo
1140 2545 1235 2590 usum
1258 2543 1327 2590 esse

193 2636 353 2721 magistro
376 2633 593 2704 Alexandriae
626 2643 726 2724 atque
748 2635 886 2704 Claudio
909 2635 1102 2722 Neroneque
1123 2635 1328 2722 imperatoriss

189 2746 251 2814 bus
272 2749 381 2834 ipsum
403 2749 550 2818 docuisse
572 2747 694 2818 Romae
718 2747 834 2818 Suidas
864 2754 914 2817 est
943 2749 1053 2832 testis,
1087 2747 1326 2816 adolescentem

193 2859 353 2960 audiuisse
364 2863 540 2948 Didymum
556 2883 675 2945 senem,
691 2884 749 2930 cur
764 2885 829 2929 non
843 2861 1049 2945 arbitremur,
1070 2882 1136 2928 non
1152 2867 1203 2929 est
1219 2861 1326 2944 eau‘sa,

192 2993 297 3059 neque
319 2995 400 3061 opus
423 2981 473 3042 est
495 2977 682 3044 coniectura
704 2973 936 3042 Graefenhanii
956 2975 1015 3042 111.
1042 2997 1095 3061 pg.
1120 2979 1177 3058 64,
1208 2977 1265 3059 qui
1293 2974 1328 3040 in

191 3086 300 3154 verbis
324 3087 457 3156 Suidae:
491 3085 708 3178 Ἡρακλείδης
730 3083 971 3171 Πωτικός....,
1002 3080 1092 3165 ὅστις
1113 3082 1252 3172 Aisepos
1281 3089 1328 3172 τῷ

191 3196 278 3266 πάνυ
299 3195 382 3267 rocol
403 3198 461 3289 τὴν
479 3196 732 3292 Ἀλεξανδρείαν
753 3199 924 3290 ἐφοίτησεν
939 3222 1005 3287 pro
1034 3205 1082 3286 τῷ
1104 3197 1190 3265 πάνυ
1219 3200 1328 3284 legen-

193 3311 270 3379 dum
286 3318 396 3381 censet
416 3318 464 3400 τῷ
482 3313 551 3400 νέῳ,
574 3319 674 3399 atque
689 3315 896 3381 Heraclidem
911 3316 1005 3381 Pont.
1021 3313 1215 3399 discipulum
1229 3313 1328 3379 fuisse

192 3431 288 3511 putat
317 3427 449 3514 Didymi
478 3429 628 3510 minoris,
664 3427 868 3495 chalcenteri
900 3425 1039 3493 fortasse
1071 3425 1141 3492 filii.
1192 3424 1329 3492 Accedit

194 3537 332 3624 denique
354 3540 444 3607 locus
468 3539 587 3608 Suidue
609 3562 634 3608 s.
657 3564 687 3607 v.
706 3535 828 3624 Ἰόβας,
851 3561 891 3606 ex
913 3560 977 3624 quo
999 3540 1169 3624 perspicue
1191 3537 1329 3622 intelligi

191 3657 311 3737 potest,
335 3672 399 3738 quo
421 3654 457 3720 in
478 3658 625 3740 tempore
639 3653 790 3740 ponenda
805 3654 848 3720 sit
862 3651 994 3739 Didymi
1008 3657 1110 3726 aetas.
1148 3651 1328 3736 Supparem

193 3852 398 3864 manna—n·-

246 3965 278 4037 ιο
306 3967 360 4023 cr.
384 3963 417 4022 aa
435 3963 578 4022 namanes
594 3966 720 4033 roseco,
745 3963 854 4037 moyes
875 3949 1020 4036 usipus,
1046 3964 1178 4046 napea,
1204 3965 1328 4020 carmina

191 4062 358 4129 grammatici
384 4068 507 4118 auctore:
532 4061 650 4116 Bekkeri
680 4060 783 4116 Anecd.
810 4062 855 4117 Gr.
881 4079 908 4132 p.
928 4063 1002 4118 1196.
1036 4059 1151 4132 Etymol.
1169 4059 1284 4115 Gudian.
1302 4077 1328 4115 v.

192 4153 339 4234 Κάνωβος.
357 4155 458 4212 Athen.
476 4155 547 4214 XIV.
565 4175 591 4227 p.
611 4159 661 4212 649
679 4156 708 4212 G.
726 4185 761 4198 *-
779 4155 853 4212 Suid.
870 4173 895 4211 v.
908 4157 1029 4236 Δίδυμος
1050 4143 1126 4216 troi
1141 4152 1328 4233 Ἡρακλείδου
1418 4167 1425 4176 “

192 4255 220 4304 et
236 4251 398 4320 interpretes
417 4247 496 4307 adh.
514 4252 545 4321 1.,
573 4257 601 4306 et
618 4251 691 4308 Suid.
715 4269 741 4306 v.
763 4251 881 4334 Λέσχαι.
893 4281 926 4292 -
946 4251 1076 4307 Meiuekii
1088 4250 1167 4306 Auel.
1179 4248 1327 4306 Alexandr.

190 4343 279 4413 Epim.
297 4346 332 4400 X.
350 4377 384 4388 -
401 4345 539 4403 Welcker.
559 4345 628 4404 Mus.
648 4345 736 4403 Rhen.
753 4343 786 4402 V.
804 4363 830 4418 p.
850 4349 908 4400 117.

1156 4453 1176 4504 4
