3098 4908
733 219 770 291 ll

185 440 283 522 glum,
306 456 371 522 quo
388 436 558 503 Schmidtii
580 437 721 524 suspicio
738 437 955 517 confirmetur,
978 439 1121 504 invenire
1139 458 1205 504 non
1218 440 1321 524 potui.

184 550 260 616 Alio
276 549 418 616 Theonis
437 547 619 634 fragmento
642 571 663 614 a
678 549 787 634 Steph.
805 551 841 614 B.
865 571 890 615 s.
912 542 1058 628 ν.”Αλος
1073 556 1212 633 serrato,
1235 551 1324 636 quod

186 661 445 730 Graelenhanins
461 683 501 729 ex
512 662 653 730 Theonis
667 663 702 728 in
716 663 852 729 Iliadem
869 665 1101 731 commentario
1117 665 1323 751 desumptum

186 795 256 842 esse
277 781 383 861 putat,
407 776 465 842 sed
488 776 722 842 commentario
743 777 777 842 in
792 777 900 861 Apoll.
922 777 984 844 Rh.
1006 776 1215 846 tribuendum
1236 777 1323 845 infra

186 888 319 971 docebo,
332 889 414 956 adeo
428 889 582 973 deceptus
597 888 794 956 Schmidtius
806 889 885 955 mihi
896 890 1034 974 videtur,
1050 895 1088 957 ut
1102 889 1323 975 fragmentum

186 1023 318 1087 quoque
340 1001 380 1068 de
395 1001 577 1086 Hyperasia
598 1023 637 1068 ex
659 1002 717 1068 illo
732 1004 967 1084 commentario
981 1004 1086 1088 Apoll.
1107 1003 1248 1089 potitum
1262 1024 1322 1089 pro

186 1116 357 1200 explorato
378 1114 539 1180 habuerit.
568 1153 612 1164 -
638 1115 729 1182 Haec
751 1115 935 1214 fragmenta
956 1117 1099 1201 quinque
1121 1138 1162 1182 ex
1184 1117 1322 1184 Theonis

186 1228 419 1295 commentario
442 1228 481 1294 de
507 1227 651 1312 Odyssea
672 1228 791 1295 hausta
813 1229 975 1298 videntur.

250 1340 420 1407 Pindari
443 1363 572 1426 quoqne
593 1342 827 1426 interpretibus
841 1343 1118 1410 adnumerandum
1133 1363 1203 1412 esse
1220 1343 1323 1410 Theo·

184 1475 270 1538 nem,
286 1453 446 1522 scholium
461 1476 572 1521 omnes
594 1455 710 1520 dicunt
723 1453 839 1523 docere
856 1455 900 1521 ad
913 1455 1039 1541 Olymp.
1055 1456 1094 1523 V.
1111 1461 1152 1522 42
1169 1455 1322 1543 (Boeclrh.

186 1566 279 1632 Pind.
302 1567 354 1633 II..
375 1589 428 1653 pg.
455 1571 536 1655 125)
563 1563 686 1633 ’Idaios
715 1560 834 1657 ἄντρον
859 1567 895 1635 ἐν
908 1561 1037 1634 Ἤλιδι.
1086 1563 1276 1658 Δημήτριος
1304 1567 1323 1633 ὁ

184 1675 341 1768 Σκήψιος·
365 1678 444 1746 νεών
465 1681 551 1767 (cod.
573 1681 664 1769 νέων)
687 1679 866 1764 dtmrdsprov
889 1680 977 1772 ἱερὸν
997 1674 1091 1760 Διός.
1113 1678 1194 1749 ἔνιοι
1215 1681 1252 1748 δὲ
1272 1703 1348 1748 νου

184 1793 336 1874 μίζονεες
356 1793 404 1884 μῆ
424 1797 487 1858 τῶν
510 1787 671 1860 ἕν’Ήλνδν
691 1795 820 1884 χωρίων
833 1790 931 1862 αὐτόν
944 1799 1140 1884 μεμνῆσθαι,
1162 1794 1324 1879 ὑπέλαβον

187 1902 398 1995 μνημονεύειν
411 1902 504 1996 Ἴδης
524 1912 583 1996 τῆς
604 1903 638 1974 ἐν
658 1903 782 1997 Κρήτῃ,
805 1903 826 1996 ἢ
847 1912 905 1996 scip
927 1907 961 1975 ἐν
986 1907 1097 1998 Τροίᾳ·
1120 1901 1206 1974 οὕτω
1220 1907 1324 1974 Θέων

186 2020 293 2108 φησίν.
337 2021 376 2088 ln
397 2021 601 2107 praefatione
622 2043 676 2108 pg.
700 2021 742 2086 22
763 2022 946 2092 Boeokhius
969 2021 1176 2089 scribendum
1198 2025 1322 2088 censet:

186 2130 244 2198 'Id
267 2125 353 2223 dorp.
376 2126 504 2201 ἑνἬλ.
535 2132 623 2222 ἱερὸν
644 2127 738 2212 Διός.
758 2137 846 2224 App.
868 2132 961 2201 dae.
1011 2138 1108 2202 Νεῶν
1135 2127 1323 2215 διακόσμου.

252 2246 323 2312 Hoc
353 2248 492 2314 Theonis
521 2248 739 2332 fragmentum
767 2249 907 2315 mulsum
935 2250 1045 2315 valere
1074 2247 1118 2314 ad
1145 2246 1323 2313 Pindarum

189 2358 478 2443 interpretandum,
503 2382 541 2427 eo
563 2361 817 2440 demonstratur,
840 2362 931 2446 quod
949 2360 1132 2427 Boeckhius
1154 2359 1211 2425 illc
1232 2359 1323 2425 nisus

190 2471 410 2537 coniecturam
438 2479 615 2556 retractat,
648 2496 748 2559 quam
778 2478 875 2542 antea
902 2478 1127 2560 proposuerat.
1177 2472 1324 2540 Aduolat

187 2583 275 2648 enim
296 2583 394 2650 illel.
417 2586 454 2653 l.:
481 2589 673 2669 „Praeclara
694 2593 774 2655 nota
795 2588 942 2673 quamvis
965 2589 1135 2672 corrupta3
1157 2585 1324 2652 lucramur
1440 2655 1449 2668 ,

187 2697 274 2762 enim
289 2699 378 2783 apud
392 2699 489 2766 Eleos
504 2700 639 2766 Idaeum
654 2707 794 2783 animm,
818 2722 882 2786 quo
898 2701 1003 2767 omnis
1017 2699 1057 2766 de
1078 2698 1144 2766 loci
1157 2696 1324 2764 Pindarici

185 2809 377 2894 integritate
400 2812 561 2880 dubitatio
583 2815 711 2880 tollitur
733 2820 831 2898 atque
853 2814 890 2880 id
911 2813 1064 2896 efficitur,
1093 2818 1131 2878 ut
1152 2810 1324 2896 interpreti

186 2943 252 2988 non
273 2924 340 2990 iam
362 2924 405 2990 ad
427 2927 648 2994 coniecturam
671 2926 921 3012 confugiendum
950 2925 1010 3009 ss,
1039 2947 1137 3011 quam
1164 2923 1323 2990 demetr.

187 3035 236 3100 lll
253 3057 322 3122 cap.
337 3037 414 3103 XIX
428 3041 611 3123 proposui.“
652 3041 816 3108 Theonem
831 3038 974 3106 illoloco
989 3039 1160 3106 laudatum
1174 3059 1195 3104 a
1209 3042 1323 3104 nostro

186 3169 253 3214 non
268 3169 337 3216 esse
353 3150 516 3232 diversum
531 3153 682 3236 arbitror,
699 3154 827 3220 etiamsi
841 3152 1033 3234 Bceckhius‚
1049 3151 1151 3236 praef.
1174 3149 1217 3218 ad
1230 3149 1323 3216 Pind.

188 3260 289 3328 schol.
311 3262 353 3328 ΙΙ.
376 3285 430 3349 pg.
453 3265 560 3332 XXIV
582 3265 708 3348 Theon,
731 3255 848 3350 inquit,
871 3265 1103 3350 grammaticus
1125 3268 1163 3329 nt
1184 3263 1324 3344 videtur,

187 3373 244 3456 qui
265 3374 300 3440 in
319 3381 418 3442 tanta
439 3377 607 3444 Theonum
629 3380 724 3465 copia
745 3379 819 3463 quis
840 3379 900 3460 sit,
922 3377 1012 3444 haud
1033 3377 1130 3444 facile
1152 3375 1324 3460 quisquam

186 3485 356 3554 invenerit.
403 3489 645 3576 Suspiciones
672 3513 726 3575 ec,
755 3491 846 3576 quod
864 3510 997 3557 necesse
1028 3495 1078 3556 est
1098 3489 1260 3555 recentior
1282 3487 1326 3554 sit

188 3598 300 3666 Theon
329 3601 498 3670 Demetrio
528 3606 674 3691 Scepsio,
706 3605 853 3672 Cratetis·
881 3608 915 3669 et
944 3602 1126 3669 Aristarchi
1156 3600 1324 3686 discipulo,
1429 3593 1430 3596 '

187 3711 316 3779 etiamsi
338 3735 403 3782 non
425 3718 664 3802 comprobatur,
689 3722 800 3784 tamen
821 3737 887 3783 non
901 3715 1077 3782 refutatur.
1115 3715 1168 3780 An
1184 3733 1261 3780 vero
1284 3735 1325 3779 ex

185 3824 243 3891 illo
273 3828 395 3896 scholio
426 3832 573 3898 conicere
595 3831 717 3916 possis,
750 3832 913 3898 Thoonem
935 3828 1113 3894 Pindarum
1135 3827 1324 3912 explicasse,

185 3959 382 4023 magnopere
390 3938 534 4005 dubitari
541 3942 659 4023 potest.
675 3935 774 4002 Nullo
783 3935 868 4001 enim
877 3934 942 4002 alio
950 3933 1021 4000 loco
1029 3933 1140 4000 Theon
1148 3931 1326 3998 Pindarum

184 4053 422 4137 interpretatus
444 4054 731 4132 commemoratur,
755 4047 966 4132 quamobrem
987 4045 1121 4131 propius
1144 4043 1188 4110 ad
1208 4043 1326 4110 verita·

184 4170 253 4230 tem
276 4165 431 4232 accedere
453 4164 592 4246 videtur,
614 4161 699 4229 illud
721 4161 868 4228 scholion
882 4159 1093 4226 Pindaricum
1108 4156 1248 4224 Theonis
1268 4176 1326 4222 no-

183 4278 272 4346 mine
287 4279 505 4364 subscriptum
521 4299 538 4346 e
554 4276 785 4344 commentario
797 4275 937 4342 Theonis
960 4274 994 4338 in
1013 4271 1222 4357 Apollonium
1239 4268 1326 4335 Rho-

1067 4425 1070 4431 -
1153 4395 1170 4444 c
